2920 4730
362 375 428 442 mo
612 435 617 450 ,
685 325 1010 448 sonossrronus

362 546 435 597 iuriis
445 547 481 596 les
490 545 549 594 oor'ae
559 547 584 594 et
594 545 631 596 les
639 555 726 607 τουτο,
743 537 810 594 baec
825 540 934 592 annutst
950 555 980 610 p.
991 539 1057 592 uota
1074 535 1114 603 „il
1130 536 1190 590 faut
1204 534 1255 590 lira
1273 535 1339 590 dans

363 625 388 680 ia
405 643 469 696 grec
486 643 583 678 comme
600 623 638 678 les
654 623 825 678 manuscrits:
843 617 961 676 πάντων
976 624 1033 674 τῶν
1048 619 1216 692 λεγομένων.
1233 625 1264 674 de
1282 629 1342 675 tou-

377 729 403 764 es
414 716 449 764 tes
460 711 688 763 ο1ιοοοττυτάἱῐοτ.“
722 707 778 760 Sed
794 723 845 760 nou
862 705 967 774 dubito,
985 704 1048 775 quoin
1065 704 1146 758 cour.
1164 722 1257 758 cruore
1273 706 1344 778 llaec

363 793 452 847 alieno·
464 793 523 846 loco
542 791 715 846 annotaverit.
749 789 899 844 Relereodo
915 795 957 842 est
973 789 1107 844 annotatio
1125 789 1159 842 od
1175 789 1263 843 locum
1282 808 1343 862 cap.

364 881 407 932 21.
423 871 536 930 πάντων
555 879 612 930 τῶν
625 875 785 946 λεγομένων
800 867 925 952 μιμητὴν
936 868 1038 942 Coronis
1053 869 1207 940 ἀπεδίδου,
1225 874 1274 928 ubi
1291 893 1344 948 pro

363 961 522 1037 λεγομίνων
537 966 629 1014 contra
647 975 735 1012 omues
751 958 832 1012 libros
851 958 1059 1028 φθεγγομένων
1079 957 1194 1028 scripsit.

432 1041 482 1098 οὐκ
494 1043 565 1112 δρῶν
576 1043 678 1111 τυχεῖν]
702 1044 895 1108 contansteris
905 1045 958 1094 nini
967 1048 997 1094 nt
1009 1045 1100 1096 discat.
1133 1041 1207 1095 Beue
1218 1046 1345 1099 Abrssclr.

364 1127 459 1198 [Anim-
477 1129 511 1180 ad
527 1128 622 1180 Aoscb.
638 1145 664 1197 p.
676 1125 753 1196 300]
782 1143 858 1196 quem
876 1124 975 1178 Villois.
993 1125 1057 1196 [qui
1073 1125 1187 1180 coniecit
1203 1122 1259 1180 ἄλλ’
1279 1124 1345 1196 ἤτω

362 1213 467 1280 τυχεῖν]
484 1210 576 1264 audire
593 1210 715 1264 debebat.
741 1208 832 1264 Notus
843 1208 989 1280 particulae
998 1209 1154 1281 exceptivne
1164 1207 1223 1264 aar
1237 1205 1344 1280 iussus.

364 1295 484 1350 Sonans.
500 1311 527 1364 p.
539 1299 599 1348 383.

430 1373 542 1447 ἡἯχὼ]
559 1377 714 1446 Articulum,
731 1394 809 1448 quem
819 1377 872 1432 ium
881 1377 944 1432 Vill.
955 1378 1125 1446 desideravit,
1138 1380 1248 1452 reposui
1257 1399 1295 1436 ax
1304 1394 1343 1440 Δ.

676 1584 702 1643 G
722 1581 750 1643 A
770 1583 805 1644 Ρ.
849 1584 971 1645 XXIV.

431 1709 622 1788 ἁμιλλώμενος
633 1709 702 1783 πρὸς
711 1708 756 1774 τὰς
767 1713 858 1781 πίτυς]
887 1714 929 1768 cf.
946 1715 963 1768 1.
975 1715 998 1768 Ι.
1021 1733 1045 1770 ο.
1061 1719 1104 1770 23.
1121 1716 1235 1772 εἴκασεν
1247 1712 1283 1770 ἄν
1299 1735 1343 1780 τις

362 1805 411 1854 sal
420 1797 484 1859 τοὺς
495 1796 636 1868 ποτάμους
648 1793 828 1872 troarnense
839 1797 953 1870 ῥέοντας
963 1799 1010 1852 καὶ
1022 1797 1086 1860 τοὺς
1102 1797 1224 1872 ἀνέμους
1240 1805 1343 1874 suptr-

362 1901 420 1938 τειν
431 1888 489 1943 τοῖς
502 1888 612 1937 πίτυσιν
623 1883 804 1954 ἐμπνέοντας.
820 1883 935 1937 Tbeocr.
952 1885 994 1936 Id.
1005 1885 1028 1938 I.
1045 1903 1072 1938 τ.
1084 1891 1108 1939 1.

460 1961 774 2037 indominicaturam
786 1966 834 2018 καὶ
847 1963 864 2018 ri
878 1969 966 2034 πίτυς,
985 1964 1092 2039 orcita
1105 1963 1178 2038 τῆνα

459 2045 491 2102 ’Ἀ
503 2049 569 2102 ποτὶ
579 2053 639 2110 ταῖς
650 2053 769 2118 royano
778 2049 947 2120 μελίοδετοτ.

362 2135 407 2190 Cf.
426 2141 453 2188 et
470 2132 563 2187 neunt
580 2133 644 2186 Tat.
662 2132 726 2188 IV.
717 2150 768 2203 .p.
788 2136 851 2188 430.
872 2135 944 2204 quod
967 2141 995 2190 et
1016 2137 1097 2192 Huet.
1114 2138 1237 2194 contult.
1254 2139 1340 2195 Vnus..

343 2257 351 2270 .
381 2237 424 2289 ug.
440 2222 499 2272 204.
552 2253 553 2256 =

324 2335 326 2342 ι
362 2237 380 2292 p
430 2299 549 2370 ιἰηδόσιν
566 2299 624 2370 Iol(
623 2301 710 2368 ouon]
732 2299 873 2370 Expressit
902 2306 934 2356 ut
956 2301 1140 2358 animadvertit
1155 2303 1217 2362 Vill.
1245 2305 1342 2366 Nioet.

361 2389 466 2458 Eugen
483 2387 560 2440 l..1v
572 2391 622 2440 369
633 2401 691 2456 sqq

381 2470 462 2532 ἓν
473 2470 563 2544 δέρμα
575 2467 653 2540 αἰγὸς
664 2466 853 2542 ἐπεσύροντο]
878 2469 925 2522 Sic
946 2472 1018 2541 apud
1042 2471 1156 2528 Tlreocr.
1180 2431 1221 2530 Iol.
1233 2475 1343 2534 XVIII.

361 2576 388 2613 v.
402 2562 444 2612 19.
466 2550 562 2609 ὑπὸ
534 2572 584 2610 ταν
595 2556 666 2624 μίαν
676 2545 772 2621 ὤχετο
787 2553 917 2622 χλαῖναν.
938 2555 983 2608 ubi
1000 2573 1027 2609 v.
1059 2561 1203 2614 Volclscnsr.
1228 2577 1343 2616 mouen

361 2649 416 2698 tem
426 2641 494 2694 bauo
504 2637 629 2710 loquendi
639 2637 775 2690 formulam
791 2637 946 2692 illustratam
967 2639 1049 2694 luisse
1065 2657 1080 2693 a
1096 2642 1224 2710 Berglem
1241 2645 1275 2698 cd
1286 2646 1344 2700 Al·

361 2727 452 2797 oipbr..
462 2726 481 2778 1.
491 2723 514 2780 Ι.
532 2741 573 2794 ep.
585 2727 627 2776 38.
654 2731 682 2776 et
703 2721 778 2774 liuius
801 2721 948 2776 obseruatis
965 2726 1087 2781 nonnulla
1104 2727 1186 2780 luisse
1203 2729 1294 2784 addita
1310 2731 1341 2784 iu

361 2810 474 2880 Miscell.
491 2810 569 2862 Obss.
587 2805 647 2858 Vol.
662 2805 694 2858 V.
712 2822 739 2876 p.
751 2809 794 2858 59.
828 2804 874 2858 Ex
891 2815 1018 2860 securata
1034 2810 1210 2879 exemplorum
1222 2813 1261 2866 ibi
1270 2831 1339 2884 pro-

361 2894 501 2952 ductorum
519 2889 657 2944 collatione
673 2896 783 2958 apparet
799 2887 841 2942 hic
857 2905 875 2940 a
890 2889 983 2960 Longo
1001 2891 1143 2948 indicatum
1159 2896 1256 2962 foisse,
1286 2917 1342 2954 cos

361 2993 413 3032 una
430 2975 573 3043 cademque
590 2971 697 3041 caprina
712 2972 789 3041 pelle,
814 2978 937 3044 tanquam
958 2982 1034 3030 sesto
1059 2979 1175 3048 susgulu
1200 2980 1338 3040 involutos

361 3067 391 3114 et
407 3063 544 3112 contectos
561 3055 635 3108 simul
650 3056 841 3122 concubuiss03
859 3059 932 3126 quod
943 3058 981 3112 ita
993 3061 1090 3127 evenit,
1108 3070 1139 3116 nt
1149 3071 1239 3127 tamen
1257 3066 1339 3134 quod

354 3146 429 3200 inira
445 3141 557 3206 uidebis,
574 3138 690 3210 Daphnis
708 3156 767 3192 oum
782 3139 882 3192 intaeta
899 3141 986 3200 Chloe
998 3162 1052 3198 reru
1068 3164 1121 3200 non
1135 3147 1263 3203 monuit.
1284 3149 1341 3206 Sic

361 3226 535 3286 Alcibiades·
527 3243 555 3283 sn
572 3225 663 3294 Symp·
680 3222 792 3290 Platou,
811 3241 863 3279 uon
880 3224 954 3280 trimis
971 3227 1049 3298 longe
1071 3247 1088 3284 a
1113 3232 1179 3302 lius,
1205 3251 1264 3288 cum
1280 3234 1341 3288 So-

363 3319 445 3376 crate,
462 3317 493 3364 ut
509 3316 610 3380 patrans
628 3325 686 3364 curo
702 3306 766 3370 filo,
785 3309 958 3364 concubuisse
975 3329 1005 3364 se
1021 3321 1124 3368 narrat:
1139 3309 1197 3372 uui
1215 3335 1263 3372 τον
1274 3324 1341 3390 τρί

361 3398 437 3463 postor
455 3391 641 3452 κατακλινεὶς
645 3388 695 3444 τόν
714 3391 1068 3466 τουτου1ἠ.κατεκείμην,
1085 3395 1136 3464 τὴν
1154 3415 1241 3454 νυκτα
1258 3397 1341 3472 ὅλην.

361 3481 402 3540 Ut
418 3479 489 3548 sputi
509 3475 637 3546 Atheni·
659 3475 691 3528 V.
707 3492 733 3544 p
749 3481 809 3529 219.
823 3472 993 3546 Ἀλκιβιάδης
1009 3477 1196 3553 συνεκοιμήθη
1211 3479 1319 3540 ini
1285 3506 1342 3557 την

362 3557 742 3634 αὐτὴνμενόμενοςχλαῖνον.
778 3559 817 3612 Et
833 3560 902 3632 apud
925 3561 949 3614 l
951 3563 1035 3618 ucinu.
1059 3564 1086 3618 in
1102 3567 1193 3630 Amor.
1212 3589 1238 3641 p.
1259 3578 1338 3630 1066.

363 3651 405 3720 [ο.
424 3647 487 3714 49.]
506 3643 598 3698 δεῖδὲ
617 3643 674 3696 τῶν
690 3645 761 3698 νέων
779 3643 855 3710 ἐρᾶν,
869 3639 910 3704 ὥς
924 3641 1097 3715 Ἀλκιβιάδου
1113 3648 1321 3726 Σωκρτὶτης,“
1306 3676 1339 3718 ος

362 3729 418 3800 ψι]
428 3751 481 3806 μιᾳ
468 3725 616 3804 χλαμύδι
627 3724 730 3801 πατρὸς
740 3725 846 3789 ὕπνους
857 3726 1001 3802 ἐκοιμήθη.
1028 3734 1153 3792 Philostr.
1168 3739 1222 3810 Ep.
1237 3746 1282 3798 44,
1300 3731 1338 3808 ἦν
