2922 4720
375 405 451 466 LlB.
475 405 511 466 ll.
559 403 644 466 clu.
667 405 743 466 XlV.
768 406 830 467 XV.
999 403 1085 468 -288

186 570 234 624 καὶ
245 569 368 644 πρώτους
379 587 408 624 τε
418 567 468 624 τὸν
478 565 619 639 Aipora]
645 571 689 623 Sic
706 587 772 623 omn.
791 569 868 623 codd.
885 569 990 624 Schaef.
1008 586 1034 623 a.
1053 587 1083 622 π.

114 653 168 710 τόν
179 672 208 708 τε
219 657 256 708 Λ.
300 657 375 708 Hunc
400 655 544 724 particulae
561 671 590 707 τε
609 655 697 708 sedem
722 655 753 706 iio
771 653 903 718 defendet,
922 671 989 724 quae
1006 655 1086 707 habet

114 744 249 804 Hartung.
268 739 301 790 de
317 738 414 792 Partic.
432 738 486 790 t.1.
503 755 529 807 p.
542 742 602 791 114.
635 739 696 790 Huc
721 737 797 790 etiam
820 739 970 790 referendus
988 743 1029 791 eet
1045 737 1085 790 lo·
1170 785 1174 796 ,

114 839 165 877 cus
176 822 296 892 Xenoph.
315 822 341 874 in
354 821 419 874 Oec.
437 839 513 890 quem
530 821 619 874 attulit
630 823 756 873 Fcitzsch.
776 821 885 883 Quaent.
897 820 978 876 Luce.
989 840 1015 890 p.
1028 827 1068 876 10.

186 905 303 980 σκιρροὶ]
322 905 368 957 Sic
384 905 464 973 vulgo
492 911 519 958 et
535 907 611 959 Part.
631 905 652 957 Ι.
672 905 721 956 Ill.
751 904 847 975 στερροὶ
864 915 896 962 n.
915 905 974 956 Par.
991 905 1028 955 Il.
1045 918 1086 961 Aa

115 993 244 1063 σκληροί,
268 989 481 1060 quemadmodum
503 990 601 1044 coniee.
620 989 753 1052 Heinsius,
778 989 848 1058 quod
865 989 992 1059 praetulit
1009 991 1087 1040 cour.

116 1075 180 1128 Ura.
206 1080 234 1127 et
249 1075 321 1125 Flor.
348 1073 494 1141 dequibus
516 1073 577 1125 nihil
595 1073 732 1126 adnotavit
748 1073 899 1126 columban.
918 1071 1027 1144 σκτρροὶ
1044 1072 1088 1124 ba·
1125 1131 1127 1136 Ι

117 1161 183 1212 bere
190 1157 481 1212 videntur.--'-Non
488 1157 634 1210 necessaria
646 1162 687 1210 eet
695 1157 728 1210 D.
739 1157 840 1210 Heineii
848 1156 1088 1222 coniecturaoxlq-

116 1245 171 1310 ροί.
191 1243 262 1296 Idam
275 1243 341 1295 enim
356 1243 469 1316 σκιῤῥοί.
488 1241 534 1294 Sic
544 1241 590 1311 qui
599 1242 739 1294 Plutarcho
751 1242 873 1296 dicuntur
888 1239 952 1291 θεοὶ
964 1239 1087 1309 σκληροὶ,

116 1326 239 1380 Eusebio
262 1331 289 1378 ct
315 1326 478 1378 Theodorito
503 1333 564 1378 sunt
584 1326 647 1380 θεοὶ
664 1325 779 1396 σκιῤῥοί.
820 1324 852 1380 V.
883 1327 964 1392 Toup.
988 1322 1088 1394 Opuuc.

117 1416 138 1463 t.
152 1409 176 1460 I.
194 1427 221 1480 p.
232 1413 290 1462 488.
309 1409 429 1462 Sonare.
447 1427 473 1480 p.
484 1412 543 1462 364.

460 1546 588 1607 oAP.
631 1549 699 1609 XV.

188 1659 373 1734 πρεσβύτατός
383 1662 424 1728 τε]
443 1661 518 1714 Unus
536 1662 594 1714 cod.
611 1662 682 1716 Flor.
699 1677 732 1730 γε
747 1660 812 1714 aliua
829 1657 897 1714 τότε.
913 1661 994 1713 Vini..

188 1745 243 1814 οἵα]
262 1747 349 1814 Vulgo
368 1737 421 1798 οἶα.
456 1747 634 1804 correxerunt
656 1745 759 1798 Schacf.
780 1751 808 1797 et
825 1745 939 1800 Brunck.

189 1822 284 1895 ἐσθής]
303 1829 379 1880 Hanc
395 1828 523 1882 Bernardi
546 1829 721 1880 coniecturam
748 1828 888 1882 aDutena
920 1829 994 1898 prim.
1016 1845 1092 1882 rece·

66 1918 70 1924 '
120 1917 194 1982 ptam
219 1913 371 1964 confirmant
387 1924 455 1970 ΑΒ.
472 1913 560 1981 Vulgo
588 1907 678 1972 εὐθύς.
696 1935 768 1950 --
783 1913 976 1980 Methymnaeis
994 1913 1028 1965 do
1044 1913 1090 1964 ba-

121 2013 211 2050 rnmce
236 1995 349 2048 vestium
373 1995 475 2048 iactura
499 1996 718 2064 conquerentibus
747 1996 786 2049 sic
807 1997 949 2066 respondet
974 1995 1091 2065 Daphnin

123 2100 147 2134 e.
169 2085 211 2132 16.
235 2075 303 2131 ἀλλὰ
322 2071 405 2146 ἐσθὴς
422 2078 538 2133 ἐνέκειτο
556 2081 603 2130 καὶ
622 2077 758 2153 ἅργυροςς
776 2081 848 2148 quod
865 2080 964 2150 pariter
980 2080 1047 2133 vidit
1065 2083 1092 2132 et

123 2163 234 2217 contulit
253 2164 377 2216 Bernard.
403 2164 437 2216 ad
454 2165 549 2232 Synee.
566 2165 600 2216 da
616 2165 732 2218 febribus
749 2183 775 2234 p.
795 2169 820 2217 4.
843 2172 918 2219 recte
935 2170 1060 2216 minotana
1076 2181 1093 2214 a

121 2248 256 2302 veteribus
278 2239 348 2300 inter
372 2241 477 2300 divitiae
498 2249 630 2302 recenseri
653 2249 765 2302 vantium
781 2249 980 2312 multitudinem,
997 2253 1028 2300 ut
1044 2264 1092 2316 pa·
1173 2253 1176 2258 “

121 2337 164 2386 tet
179 2351 194 2385 e
211 2333 313 2386 Luculli
331 2331 448 2398 exemplo
466 2332 536 2399 apud
553 2333 646 2384 Horat.
663 2331 714 2384 LI.
731 2350 771 2400 ep.
784 2333 830 2385 Vl.
847 2351 873 2386 v.
884 2338 920 2386 40
930 2349 988 2402 sqq.
1012 2331 1091 2402 Immo

122 2425 161 2482 οι,
175 2417 245 2486 quod
262 2417 329 2468 hano
341 2414 546 2468 emendationem
556 2415 620 2466 mire
632 2415 776 2479 confirmat,
788 2416 984 2485 apudllenopb.
993 2415 1092 2484 pree.

122 2499 226 2555 videbis
243 2499 294 2552 11.
311 2517 337 2568 p.
351 2503 391 2549 13.
407 2497 434 2548 in
451 2515 527 2560 nave,
554 2515 606 2566 qua
623 2498 786 2552 vehebantur
801 2499 912 2552 Anthios
929 2505 957 2550 et
973 2500 1092 2550 Abroco-

121 2601 181 2647 ma,
207 2599 325 2650 magnum
348 2581 461 2634 vectium
482 2581 685 2645 multitudinem,
715 2598 833 2649 magnam
860 2581 918 2634 ouri
940 2580 1094 2650 argentique

122 2669 192 2721 vim:
210 2661 297 2730 πολλὴ
317 2664 371 2734 μὲν
388 2661 470 2730 ἐσθὴς
486 2664 533 2716 καὶ
550 2665 670 2731 ποικίλη,
690 2662 776 2724 πολὺς
792 2658 912 2734 ἄργυρος
927 2665 975 2716 καὶ
982 2660 1094 2738 χρυσός.

121 2752 164 2804 Id.
184 2749 263 2804 llll.
281 2767 307 2818 p.
320 2749 355 2802 48
372 2755 400 2801 et
416 2753 459 2802 to.
476 2743 562 2806 πολὺς
580 2747 634 2814 μὲν
652 2743 756 2820 κόσμος
771 2753 940 2816 γυναικεῖος,
958 2746 1044 2807 πολὺς
1063 2747 1094 2801 dl

122 2830 246 2904 ῦργυρος
256 2832 304 2884 καὶ
311 2829 425 2901 χρυσός.
459 2833 499 2885 ld.
516 2833 533 2885 l.
545 2833 592 2885 IV.
609 2851 634 2902 p.
647 2838 688 2885 58.
723 2833 765 2885 De
781 2833 881 2886 itineris
899 2833 1032 2889 cuiusdam
1048 2849 1095 2904 ap-

123 2925 219 2989 paratu
234 2918 358 2988 loquens:
375 2907 411 2983 ἦν
422 2915 453 2968 dl
465 2911 537 2968 nott
547 2916 602 2985 μὲν
612 2917 719 2982 πλῆθος
725 2918 855 2985 χρυσίου,
872 2913 942 2969 πολὺ
964 2916 996 2970 δὲ
1010 2915 1096 2986 ἀργύ-

125 3021 184 3070 ρου,
201 2996 288 3068 nolti]
301 3000 332 3054 dl
345 2995 435 3067 ἐσθής.
470 3000 486 3054 l.
499 3001 532 3052 V.
549 3019 575 3070 p.
588 3005 629 3054 76.
646 2996 767 3054 πλοῦτόν
784 3017 814 3054 τε
831 3000 988 3070 διαδέχεται
1005 3001 1096 3056 πολὺν

126 3086 174 3138 καὶ
193 3083 389 3154 εὐδαιμονίαν·
421 3079 508 3150 πολλὴ
526 3084 580 3154 μὲν
599 3086 713 3138 οἰκετῶν
737 3081 914 3156 πυραυομττή
924 3125 933 3154 ,
958 3082 1046 3151 πολλὴ
1065 3085 1096 3137 δὲ

126 3173 182 3223 τῶν
193 3165 318 3236 ἐσθήτων
328 3163 445 3235 ὕπαρξις
463 3169 510 3220 καὶ
522 3169 628 3222 σκευῶν
639 3171 808 3224 πολυτέλεια.
827 3169 932 3221 Heliod.
949 3169 966 3220 l.
978 3168 998 3220 l.
1017 3185 1042 3236 p.
1054 3172 1102 3220 41.Ι

128 3255 161 3307 de
178 3270 245 3307 nave
261 3254 382 3322 loquens:
400 3249 480 3312 ὁλκὰς
501 3240 552 3306 οῦν
567 3252 718 3322 ἐπληροῦτο
736 3251 844 3320 χρυσοῦ
860 3266 889 3304 τε
907 3250 955 3302 καὶ
967 3245 1097 3322 ,ἀργύρου

127 3337 174 3390 καὶ
192 3333 323 3404 ἐσθήτων.
359 3337 437 3405 Apud
463 3336 539 3388 eund.
556 3336 591 3388 ib.
609 3353 670 3404 pug.
687 3341 713 3388 ¹1.
731 3334 833 3388 uidebis
850 3335 948 3404 piratae
966 3353 997 3390 ea
1014 3335 1099 3390 omnia

129 3421 283 3487 efferentes,
302 3437 371 3490 quae
386 3419 413 3470 in
428 3419 578 3488 Theogenis
597 3426 624 3472 et
642 3418 792 3470 Οὴοιίοἰοοο
808 3434 876 3470 nava
891 3418 1009 3472 inurente
1023 3437 1098 3489 χρυ-

130 3507 180 3557 σοῦ
199 3504 230 3558 dl
247 3505 294 3556 καὶ
306 3497 437 3575 ἀργύρου,
454 3503 502 3554 καὶ
521 3506 609 3557 λίθων
627 3503 800 3572 πολυτίμων,
818 3500 866 3552 καὶ
883 3505 994 3573 σηρικῆς
1011 3502 1099 3570 ἐσθῆ-

130 3606 184 3653 τος,
204 3581 383 3658 ὅσήδῦνσμις
394 3583 527 3649 ἑκάστοις,
544 3587 733 3659 ἐκφοροῦντες.
769 3584 815 3638 Sic
832 3585 849 3638 l.
865 3587 898 3638 V.
913 3603 974 3657 pag.
985 3591 1045 3640 2³4.
1065 3587 1099 3638 de

129 3673 206 3732 nauis
221 3665 390 3742 possessorer
407 3671 456 3724 τοῦ
468 3671 595 3730 πλείονος
607 3666 712 3743 φόρτου
723 3671 779 3722 τῶν
789 3667 943 3743 ’ἀγωγίμων
962 3665 1097 3736 δεσπόζει,
1117 3679 1119 3682 ·

130 3757 236 3830 χρυσοῦ
249 3772 278 3812 τε
287 3754 376 3812 ὄντων
386 3755 434 3810 nul
444 3755 533 3808 λίθων
539 3751 766 3820 πολυταλάντων,
782 3755 831 3810 acl
850 3759 959 3824 σοροοῆς
975 3753 1099 3819 ἐσθῆτος.
