2988 4718
381 414 427 484 το
596 403 785 482 ΛοΓΓοτ
802 410 1104 480 mmmmm

382 583 512 668 εἱστήκει
540 585 639 672 δέρμα
672 580 782 650 λάσιον
812 583 899 667 αέγδς
917 583 1103 665 ἐζασμίνος,
1123 580 1238 668 ’πήραν
1260 584 1353 670 νεορ-

381 668 469 757 ραφῆ
491 668 570 733 κατὰ
591 675 655 735 τῶν
677 668 772 750 ἀν’μαιν
793 669 1004 754 ἐξηρτημένος,
1027 671 1150 754 κρατῶν
1163 675 1232 743 ταῖς
1242 671 1354 753 χερσίν

323 762 372 812 111
385 755 584 840 ἀμφοτέραις,
605 759 646 841 τῇ
665 753 723 834 μέν
744 753 921 839 ἀρτιπαγεῖς
940 752 1063 839 τυροάς,
1087 757 1148 836 “τῇ
1170 753 1204 816 δέ
1225 753 1354 835 ἐρίφους

381 836 591 924 γαλαθηνοάς.
642 837 768 902 εἴποτε
791 837 949 902 Ἀπόλλων
975 838 1178 918 Λαομέδοντι
1207 832 1354 918 θητεόιον

382 921 577 1006 ἐβουκόλησε,
600 919 722 988 τοιόσδε
743 915 791 1005 ἦν,
815 919 881 998 οἶος
899 920 969 986 τότε
986 920 1082 1006 α’ίφθη
1097 919 1232 1006 Δάφνις.
1257 919 1355 995 αάτὸς

380 1010 438 1091 μέν
477 1001 561 1074 “οάν
580 1005 675 1071 ἐἶπεν
711 1005 814 1085 οὐδέν,
851 1006 931 1070 ἀλλά
966 1004 1166 1092 ἐρυθήματος
1197 1007 1352 1087 πλησθεὶς
1365 1026 1419 1077 120
1484 1019 1485 1066 ί

383 1090 485 1159 ἐνευσε
526 1089 612 1156 κάτω
653 1093 816 1178 προτείνας
858 1089 899 1156 τὰ
935 1087 1043 1177 δῶρα·
1091 1086 1108 1155 ὃ
1142 1091 1177 1154 δέ
1211 1087 1352 1171 Λάμιαν,

382 1169 516 1256 νοότος,ι
542 1173 619 1256 εἶπε,
641 1178 717 1252 ισοί,
745 1177 890 1254 δέσποτα,
913 1182 978 1240 τῶν
1007 1180 1102 1260 αἰγῶν
1130 1171 1269 1249 αἰπόλος.
1313 1173 1354 1238 σὺ

382 1264 456 1343 ’μέν
483 1262 551 1342 ἐμοί
581 1258 772 1343 πεντήκοντα
800 1259 936 1338 δέδωκας
965 1261 1080 1344 νέμειν,
1117 1261 1168 1322 καί
1196 1256 1252 1323 δόο
1274 1255 1354 1344 τρά-

381 1369 489 1429 ιγσυς,
526 1335 618 1421 οὗτος
644 1345 680 1410 δέ
707 1367 756 1410 σοι
783 1346 945 1427 πεποίηκεν
973 1342 1082 1409 ἑκατόν
1107 1346 1158 1406 καὶ
1180 1344 1253 1408 δέκα
1274 1341 1355 1426 τρά-

381 1452 482 1513 ιγους.
511 1425 589 1516 όράς
617 1425 660 1505 ὡς
687 1432 814 1514 λιπαραὶ
836 1433 886 1492 καὶ
907 1429 965 1505 τάς
985 1432 1093 1515 τρίχας
1114 1426 1218 1493 λάσιαι
1240 1430 1291 1490 καὶ
1313 1427 1355 1492 τά

383 1515 515 1600 ικέρατα
536 1495 737 1601 ίίθραυστοις
772 1517 915 1597 πεποίηκε
945 1515 979 1578 δέ
1001 1513 1098 1590 αάτάς
1118 1515 1169 1576 καὶ
1187 1509 1352 1594 μουσικάς·

382 1596 543 1686 »σύριγγος
561 1605 636 1685 γοῦν
653 1597 825 1664 ἀκούουσαι
844 1605 967 1664 ποιοῦσι
989 1596 1115 1663 πάντα·

446 1721 498 1782 15.
521 1721 679 1805 Παροῦσα
701 1717 735 1782 δέ
756 1727 822 1792 τοῖς
850 1717 1022 1801 λεγομίνοις
1047 1713 1067 1800 ἦ
1089 1717 1267 1802 Κλεαρίστη
1287 1725 1356 1779 πεῖ-

383 1827 442 1888 ραν
464 1800 642 1886 ἐπεθύμησε
670 1807 727 1866 τοῦ
755 1803 921 1884 λεχθέντος
941 1807 1063 1882 λαβεῖν,
1093 1804 1144 1865 καί
1166 1798 1277 1888 κελεόει
1299 1798 1354 1865 τόν

382 1883 509 1972 Δάφνιν
530 1897 600 1962 ταῖς
621 1887 700 1961 argiv
722 1882 789 1950 οἷον
810 1885 902 1951 είιοθε
926 1889 1049 1972 συρίσαι
1070 1889 1122 1949 καί
1142 1887 1354 1969 ἐπαγγέλλεται

384 1971 545 2055 συρίσαντι
570 1974 752 2056 χαριεῖσθαι
778 1976 898 2051 χιτῶνα
925 1973 976 2034 καὶ
1003 1975 1136 2056 χλαῖναν
1162 1972 1214 2034 καὶ
1234 1966 1356 2052 ἀποδή-

382 2079 481 2135 ματα.
505 2051 521 2118 ὃ
544 2055 578 2118 δέ
599 2056 736 2129 καθίσας
758 2054 873 2130 αὐτοὺς
894 2055 997 2140 ὥσπερ
1018 2057 1172 2140 θέατρον,
1196 2054 1273 2130 στάς
1293 2049 1354 2118 άπὸ

382 2143 422 2226 τῇ
443 2145 533 2225 φηγῷ
562 2140 613 2202 καί
643 2139 675 2201 ἐκ
704 2143 760 2220 τῆς
785 2137 887 2224 πήρας
914 2139 970 2222 τὴν
1004 2137 1132 2228 σύριγγα
1162 2141 1356 2225 προκομίσας

381 2229 492 2308 πρῶτα
512 2223 570 2304 μὲν
593 2215 695 2306 ἀλίγον
717 2223 890 2287 ἐνέπνευσε·
914 2227 964 2288 καὶ
987 2225 1020 2288 αἱ
1041 2222 1122 2308 αἶγες
1144 2223 1277 2306 έστησαν
1297 2223 1356 2298 τάς

383 2307 520 2392 κεφαλάς
549 2303 711 2393 ἀράμεναι.
750 2304 815 2371 εἶτα
841 2307 997 2374 ἐνέπνευσε
1024 2312 1060 2374 τὸ
1090 2305 1211 2391 νόμιον·
1248 2310 1299 2371 καὶ
1322 2307 1356 2371 αἶ

324 2413 375 2462 112
386 2389 468 2476 αἶγες
488 2391 630 2472 ἐνέμοντο
653 2388 801 2456 νεόσασαι
825 2389 948 2457 ’ίκάτω.
972 2387 1068 2470 αὖθις
1081 2393 1205 2480 λιγυρὸν
1219 2393 1356 2457 ἐνέδωκε·

382 2477 433 2539 καί
466 2473 585 2559 ἀθρόαι
612 2477 851 2560 κατεκλίθησαν.
890 2476 1014 2564 ἐσάρισέ
1039 2505 1069 2543 τι
1098 2481 1149 2541 καί
1173 2475 1227 2553 όξδ
1248 2479 1353 2560 μέλος·

384 2561 418 2625 αἶ
439 2561 483 2640 δὲ,
505 2560 609 2647 ὥσπερ
631 2558 725 2626 λάκου
747 2560 948 2646 προσιόντος,
987 2563 1051 2638 “cic
1079 2561 1137 2645 τὴν
1166 2562 1243 2644 ὕλην
1264 2563 1418 2641 κατέ-121

383 2669 492 2731 φυγον.
525 2645 591 2728 μετ’
615 2645 718 2730 ὀλίγον
746 2645 949 2730 ἀνακλητικὸν
970 2648 1161 2734 ἐφθέγξατο·
1199 2649 1249 2710 καὶ
1272 2647 1356 2722 ἐξελ·

381 2735 500 2796 θοῦσαι
527 2737 584 2814 τῆς
611 2730 689 2814 ὕλης
715 2731 846 2814 πλησίον
874 2730 971 2795 αὐτοῦ
993 2738 1055 2795 τῶν
1076 2733 1181 2796 ποδῶν
1204 2733 1357 2814 συνίδρα-

381 2841 451 2896 μον.
491 2816 563 2879 οὐδὲ
594 2813 786 2901 ἀνθρώπους
815 2816 935 2891 οίκίτας
956 2811 1033 2880 εἶδεν
1055 2814 1094 2880 άν
1115 2841 1162 2892 τις
1183 2815 1266 2880 οὕτω
1287 2839 1357 2878 πει-

381 2898 538 2978 θομένους
571 2898 788 2986 προστάγματι
824 2896 988 2964 δεσπότου.
1040 2902 1072 2965 οἵ
1103 2914 1137 2964 τε
1173 2894 1229 2964 οὖν
1264 2897 1357 2964 ἄλλοι

381 2979 494 3055 πάντες
519 2981 699 3062 ἐθαόμαζον
728 2985 779 3046 καί
806 2983 866 3070 πρό
895 2983 1021 3050 πάντων
1041 2982 1061 3069 ἦ
1083 2987 1270 3071 Κλεαρίστη,
1302 2987 1357 3047 καὶ

382 3065 422 3130 τά
464 3065 551 3150 δῶρα
593 3064 766 3130 ἀποδώσειν
803 3067 906 3148 ὤμοσε
941 3074 1026 3156 καλῷ
1061 3095 1094 3136 τε
1130 3068 1196 3134 ἀντι
1232 3067 1356 3155 αίπόλῳ

381 3150 432 3212 καί
467 3155 626 3235 μουσικῷ·
663 3151 715 3213 καί
745 3148 929 3228 ἀνελθόντες
957 3157 999 3230 είς
1024 3152 1081 3238 τὴν
1108 3153 1235 3219 ίπαυλιν
1270 3151 1357 3238 ἀμφὶ

382 3232 510 3320 ἀριστον
542 3231 623 3316 εἶχον
652 3237 703 3298 καὶ
731 3241 776 3323 τῷ
802 3234 941 3323 Δάφνιδι
970 3238 1024 3326 ἀφ’
1048 3231 1093 3304 ὧν
1122 3237 1238 3323 ἤσθιον
1259 3236 1355 3320 έπεμ-

381 3337 461 3397 ψαν.

432 3506 473 3558 14.
490 3504 584 3568 νέμειν
600 3503 706 3564 ἔδωκας
722 3506 755 3560 V.
773 3506 802 3560 S.
820 3508 915 3577 νέμειν
932 3506 1056 3567 δέδωκας
1073 3511 1102 3562 C.
1119 3537 1153 3548 -
1169 3515 1231 3580 post
1246 3505 1356 3578 ἀθραυ-

384 3585 444 3624 οιοι
463 3574 538 3638 plene
555 3569 649 3639 interp.
668 3573 702 3625 V.
721 3601 753 3614 -
770 3579 924 3642 πεποίηκεν
941 3573 1025 3635 αὐτάς
1041 3577 1075 3630 V.
1093 3578 1122 3630 S.

433 3675 473 3724 15.
491 3669 523 3724 δὲ
534 3677 596 3741 post
606 3672 736 3738 παροῦσα
748 3691 797 3726 om.
810 3675 843 3727 V.
856 3676 885 3727 S.
907 3670 944 3740 δὴ
962 3676 993 3728 C.
1010 3703 1045 3716 -
1057 3678 1233 3745 χαρίσασθαι
1245 3677 1357 3745 χιτῶνα

381 3737 469 3820 ν.,8.
488 3768 521 3778 -
549 3733 609 3855 σάρι
647 3757 664 3790 οι
688 3743 806 3818 κομίσας
823 3741 857 3795 V.
874 3769 908 3784 -
936 3741 1023 3825 ἐδερκε
1047 3761 1095 3812 pro
1113 3743 1243 3824 νἐνέδωκε
1266 3745 1301 3798 V.
1318 3773 1357 3787 -

380 3807 493 3876 ἐσαρισέ
508 3822 536 3860 τε
553 3822 588 3858 κα
645 3844 651 3859 .
669 3804 778 3877 ἐσαρισε
795 3808 842 3861 καλ
858 3808 887 3860 S.
906 3837 939 3850 -
957 3818 1068 3866 munte
1085 3809 1162 3881 δωρα
1180 3827 1229 3864 σοι.
1248 3812 1281 3863 V.
