2922 4720
276 419 398 482 LIBER
416 419 453 480 ll.
506 415 591 482 CAP.
615 418 691 485 xxi.
713 419 803 482 xxss.
826 421 928 482 xx11t
1023 413 1088 480 280

119 579 183 636 '1¹st.
201 585 218 636 l.
230 582 277 636 Ν.
293 599 354 654 pag.
366 587 426 637 tat.
444 583 516 652 nolu
534 581 590 654 γὰρ
606 585 696 654 ἴδοιμι
708 587 747 651 tei
759 580 901 658 προσώπῳ
910 583 961 638 sdr
971 583 1086 651 πατέρα,

117 662 240 737 μάλιστα
258 667 314 738 μὲν
331 665 418 727 οὕτως
431 669 550 738 diogenio
570 667 689 740 φυγώνς
707 675 735 721 et
754 669 819 722 citat
836 673 940 724 Doroill.
960 669 993 722 ad
1010 669 1087 722 char.

117 766 144 820 p.
156 754 215 804 460.
235 753 304 820 [480.
318 753 399 822 Lipa]

185 832 365 905 λιπεργαὲτης]
391 837 437 890 Sic
460 853 493 890 ex
514 847 580 894 An.
605 836 684 888 Coum.
726 835 813 904 Vulgo
837 829 1020 905 λειπεργᾶεης.
1054 835 1079 886 V

119 919 219 980 soboas.
237 919 335 988 Appen.
351 923 372 972 t.
384 919 432 972 111.
449 937 511 991 pag.
522 925 581 973 400.
602 945 637 960 -·
657 919 734 971 Hanc
749 935 841 972 vooesn
857 919 886 970 in
903 918 1088 972 dubitationem

6 1027 10 1036 ·
119 1012 280 1052 vocaverunt
305 1002 424 1067 Sabaei,
451 1004 496 1074 qui
513 1004 668 1073 λιπερνίτης
685 1002 785 1065 edidit,
808 1006 897 1069 Goon,
921 996 978 1074 qui,
992 1000 1090 1052 tante

119 1081 231 1156 ἐργάτης
249 1086 360 1139 coniecit
377 1093 405 1140 et
416 1089 528 1152 Iacobo,
546 1087 590 1141 cui
601 1092 697 1139 neutra
713 1087 803 1140 barum
812 1086 1022 1140 coniecturarum
1034 1083 1089 1153 pla-¹

120 1168 205 1221 cuisse
239 1169 350 1222 videtur.
411 1171 449 1222 Et
479 1172 600 1240 profecto
625 1171 691 1222 haec
715 1187 769 1223 vox
793 1170 904 1239 genuina
927 1167 1019 1220 haberi
1043 1181 1089 1219 ne-

119 1252 192 1320 quit‚
221 1251 270 1304 uisi
286 1251 350 1304 velis
366 1259 500 1318 metuere,
528 1253 648 1322 Longum
671 1253 738 1304 banc
763 1270 856 1306 vocem
869 1244 971 1306 'contra
1000 1251 1089 1303 sualo-

118 1335 189 1402 giam
206 1335 365 1389 formavisse.
400 1336 487 1398 Quum
506 1337 571 1388 enim
588 1331 721 1394 λιπόναυς
737 1336 759 1388 is
778 1337 830 1400 sit,
855 1341 899 1403 oni
916 1339 1025 1388 desem
1039 1349 1089 1386 nn—

117 1415 183 1482 omn,
201 1413 367 1485 λιπαναύεης
383 1425 482 1483 contre,
508 1424 553 1486 qni
564 1423 672 1472 deseruit
683 1423 762 1471 sucin
772 1427 877 1483 nautae,
896 1427 924 1472 et
941 1412 1090 1490 teutotoni-

117 1516 179 1554 αεια
197 1501 232 1553 sit
249 1505 357 1554 militiae
376 1505 482 1555 desertio
499 1508 527 1555 et
542 1493 770 1573 λιπαστρατιαῦτης
787 1507 830 1568 quei
850 1506 1028 1554 commilitones
1046 1506 1088 1554 de

119 1589 208 1647 emit,
227 1584 304 1636 etima
322 1580 485 1655 λιπεργαὶεης
501 1583 631 1653 significet
651 1601 717 1648 αιια,
738 1589 783 1650 qni
799 1601 888 1650 operas
899 1589 1021 1648 denuit,
1040 1601 1090 1636 nou
1171 1577 1173 1581 ⁸

120 1671 203 1733 operis
222 1657 384 1731 desomnem,
409 1669 622 1737 quemadmodum
639 1667 841 1738 explicaverunt.
859 1668 910 1720 Vn.
929 1667 998 1737 neti.
1031 1667 1091 1722 Hoc

120 1749 197 1815 enim,
216 1751 239 1803 si
258 1751 377 1818 analogia
393 1751 504 1804 formata
515 1767 583 1804 voce
596 1751 741 1820 exprimere
755 1750 830 1813 velis,
847 1749 1009 1818 sigulficarst
1025 1752 1091 1803 ltn-

120 1850 211 1903 εργας,
230 1833 303 1886 cuiue
320 1841 407 1887 tamen
422 1835 496 1888 vocis
514 1851 639 1904 nusquam
653 1833 740 1904 reperi
756 1834 908 1903 exemplum.

191 1916 347 1988 περιμενῶ]
370 1919 469 1974 Vititun
491 1919 614 1987 vulgatae
637 1920 786 1990 περιμένει,
806 1915 877 1988 quod
894 1918 945 1972 istu
962 1918 1092 1986 Iungerns·
1174 1923 1178 1932 '

122 2001 236 2066 viderat,
254 2003 471 2058 conexit‘deuuo
487 2004 592 2057 Sohuei.
667 2019 670 2040 ²

461 2209 586 2273 cns.
630 2205 756 2270 xxut.
840 2186 842 2194 ’

192 2334 322 2404 τοιαῦτα]
349 2338 395 2391 Sic
419 2341 498 2393 Cour.
522 2357 555 2391 ex
576 2350 637 2394 AB.
677 2339 722 2394 stc
748 2339 824 2392 etiam
847 2337 909 2393 Urs.
936 2344 964 2392 et
979 2339 1040 2392 Pur.
1058 2339 1093 2392 lI.

122 2421 212 2489 Vulgo
229 2423 322 2476 enisu.

191 2501 378 2570 ἀνυπόδητοι]
401 2505 461 2556 Ηοα
487 2503 589 2572 recepit
605 2503 665 2556 Vill.
690 2505 782 2557 ePar.
793 2503 841 2556 ΠΙ.
877 2505 1009 2558 Vrdentns
1025 2511 1094 2558 tuen

123 2588 203 2641 etiam
225 2599 290 2642 n.
333 2587 418 2654 Vulgo
441 2583 616 2639 drunddesot.
651 2588 740 2639 Etiam
756 2588 773 2638 l.
791 2589 812 2640 l.
831 2605 854 2640 o.
872 2591 898 2638 4.
915 2583 1095 2654 ἀνυπόδητοι.

121 2673 159 2724 V.
179 2673 280 2722 Lobecls.
307 2670 342 2722 ad
364 2671 464 2738 Phryn.
488 2687 515 2739 p.
535 2675 593 2724 445.
612 2671 852 2724 Schneidewin.
865 2671 921 2723 Pol.
942 2671 992 2723 tl.
1001 2687 1030 2740 p.
1038 2675 1096 2724 162

194 2748 315 2821 ἐῴκεσαν
327 2752 463 2822 ἐλεαῡσαι]
481 2754 594 2806 Temere
611 2753 734 2807 solicitet
752 2753 937 2822 Wyttenbaob.
959 2754 1095 2824 Frequen-
1199 2784 1208 2796 =

122 2838 193 2890 tiore
214 2836 292 2889 huius
319 2837 519 2890 constructionis
543 2838 660 2906 exempla
683 2838 836 2890 haberemus
859 2839 882 2891 si
906 2853 954 2907 per
976 2838 1095 2892 librarios

121 2928 171 2974 aut
189 2919 303 2973 editores
321 2919 444 2973 licuisset.
478 2921 510 2972 In
526 2920 604 2972 Diod.
621 2920 673 2973 Sic.
691 2927 712 2973 t.
725 2921 746 2970 I.
765 2939 792 2989 p.
807 2926 864 2977 126.
883 2922 899 2974 l.
911 2925 953 2974 38.
972 2923 1051 2976 scrib.
1063 2941 1096 2976 ex

123 3006 183 3060 cod.
205 3004 286 3058 Coisl.
311 3001 522 3075 eratanostrae
539 3003 568 3057 d‘
592 2998 648 3059 ont
665 3021 738 3065 τινος
754 3004 833 3060 losse.
857 3003 884 3057 in
900 3006 1018 3060 Lucieno
1035 3013 1055 3061 t.
1073 3007 1095 3062 1.

123 3108 150 3159 p.
162 3094 221 3142 553.
237 3089 254 3142 l.
268 3093 311 3142 36.
331 3088 404 3156 [vit.
421 3091 500 3141 duct.
526 3107 548 3142 c.
567 3094 606 3142 1³.
629 3089 675 3142 ubi
693 3108 719 3142 v.
738 3092 763 3143 C.
776 3089 915 3158 incubita]
940 3083 955 3143 ὃ
979 3091 1014 3146 δέ
1033 3105 1095 3144 τινα

124 3173 197 3226 ἔοικε
221 3177 343 3226 πενθῶν.
366 3171 393 3224 in
410 3173 574 3226 Christodori
586 3173 726 3243 ·Ecplsrasi
736 3188 773 3227 vv.
790 3179 841 3227 244
857 3192 878 3226 s.
905 3191 938 3226 er
954 3175 1017 3226 Vnt.¹
1036 3175 1094 3226 cod.

124 3255 198 3310 ἔοικε
211 3256 241 3309 dl
252 3255 388 3314 nouato:
399 3256 493 3326 ὀμφῆς
504 3256 635 3326 Σιγηλοῖς
646 3253 813 3324 στομάτεσσι
820 3253 986 3320 θεοπρόπον
996 3245 1095 3328 ἆσθμα

124 3344 262 3394 τιταίνων.
297 3341 339 3393 cl.
364 3343 479 3395 seland.
501 3339 534 3393 ad
556 3341 677 3408 Xenopb.
698 3340 767 3392 Hist.
786 3340 835 3391 Gr.
858 3355 919 3408 pag.
931 3343 989 3392 350.
1008 3341 1053 3410 qui
1069 3341 1095 3393 in

124 3425 259 3478 Demetrio
284 3425 356 3477 Pbel.
374 3423 421 3475 IV.
444 3441 496 3477 rem
517 3425 601 3477 minus
626 3430 704 3474 caute
728 3422 819 3489 gessit.
858 3422 912 3474 lam
937 3424 964 3474 in
980 3425 1095 3478 Homero

124 3503 205 3562 buius
224 3507 425 3561 constructionis
441 3507 553 3575 vestigia
568 3509 668 3560 auritio
684 3521 713 3558 se
730 3505 890 3568 obtulerunt,
908 3521 961 3558 nou
977 3507 1020 3560 illa
1037 3511 1096 3578 qui-

126 3593 186 3644 dem
207 3592 297 3660 agnita
317 3590 506 3643 recentioribus
531 3598 626 3658 poetae
649 3588 794 3641 editoribus
819 3588 939 3642 Sonam.
956 3597 1044 3661 nter
1056 3611 1096 3662 sq.

127 3677 171 3728 Cf.
188 3678 222 3728 ud
234 3675 311 3729 Dion.
328 3676 388 3728 Hal.
406 3677 440 3727 de
458 3671 547 3744 Comp'.
564 3693 590 3744 p.
602 3681 662 3729 212.
697 3679 752 3727 Ast.
771 3673 805 3727 ud
818 3675 885 3727 Plet.
896 3675 980 3745 Legg.
999 3695 1025 3746 p.
1036 3680 1087 3728 554

127 3763 261 3824 Heindorf.
279 3759 313 3811 ad
328 3759 398 3812 Plat.
413 3759 512 3812 Phaed.
529 3775 555 3827 p.
567 3763 625 3812 too.
661 3761 776 3813 Schneid.
798 3759 831 3812 ad
856 3758 976 3830 Xenopb.
998 3762 1095 3829 Cyrop.
