2988 4718
359 383 402 446 τε
586 377 793 475 ,Λοιτοι
809 373 1108 442 ιιοιιιιοπιιιοκ

358 573 415 612 νον
448 547 500 610 καὶ
531 546 650 631 πληγὰς
681 545 899 622 ἀπειλοῦντος,
936 539 953 608 ὃ
986 536 1227 627 Διονυσοφάνης
1261 551 1328 618 τοϊς

360 634 528 718 εἰρημένοις
548 632 706 716 ἐκπλαγεὶς
726 630 781 696 τὸν
800 630 858 711 μέν
869 623 1029 694 Γνάθωνα
1050 633 1170 692 σιωπᾶν
1190 625 1327 694 ἐκέλευσε

360 715 485 804 σφόδρα
516 716 573 800 τὴν
605 716 706 804 δφρδν
737 717 780 791 εἲς
811 713 907 778 αύτδν
937 709 1160 796 τοξοποιήσας·
1205 713 1260 778 τὸν
1293 715 1329 778 δέ

358 801 509 883 Λάμωνα
548 798 641 866 πάλιν
681 801 815 884 ἀνέκρινε
846 800 897 863 καί
938 794 1152 884 παρεκελεύετο
1199 797 1328 880 τάληθῆ

359 889 462 970 λέγειν,
505 888 586 970 μηδὲ
614 885 708 969 ὅμοια
737 881 882 948 πλάττειν
907 881 1026 964 μύθοις
1051 884 1098 947 ἐπὶ
1125 888 1170 969 τῷ
1191 884 1329 964 κατέχειν

360 969 403 1047 ὥς
432 969 511 1036 οἷόν.
559 968 601 1047 ὦς
632 973 667 1036 δέ
695 969 804 1052 ἀτενὴς
830 963 870 1052 ἦν
898 971 949 1031 καὶ
977 965 1204 1032 κατὰπάντων
1226 966 1330 1048 ὤμνυε

359 1063 444 1122 θεῶν
476 1058 527 1119 καὶ
559 1057 663 1120 έδίδον
696 1055 872 1135 βασανίζειν
904 1048 1020 1132 αδτύν,
1058 1055 1084 1116 εί
1116 1048 1327 1132 διαψεύδεται,

359 1143 541 1224 καθημένης
570 1146 628 1222 τῆς
658 1140 853 1224 Κλεαρίστης
888 1134 1049 1219 ἐβασάνιζε
1082 1135 1123 1201 τδι
1154 1137 1327 1219 λελεγμένα,

358 1228 422 1290 ιΤί
449 1225 480 1288 δ’
511 1225 549 1288 δν
579 1222 725 1304 ἐψεύδετο
754 1219 883 1303 Λάμων
917 1223 1038 1304 μέλλων
1067 1221 1140 1285 ἄνθ’
1173 1221 1240 1296 ἑνὸς
1271 1218 1330 1286 δύο

358 1306 544 1390 ’λαμβάνειν
574 1306 741 1391 αέπύλοος;
781 1313 847 1382 πῶς
874 1307 906 1370 δ’
936 1305 976 1370 δν
1005 1307 1056 1370 καὶ
1077 1311 1177 1372 ταῦτα
1199 1305 1331 1370 έπλασεν

358 1392 543 1479 νάγροικοςς
579 1393 614 1458 ού
642 1393 702 1480 γὰρ
735 1391 831 1468 εὐθύς
862 1385 901 1474 ἦν
934 1383 1084 1471 άπιστον,
1121 1393 1154 1454 έκ
1185 1388 1330 1455 τοιούτου

358 1479 519 1628 »γέροντος
549 1481 601 1542 καὶ
628 1476 747 1566 μητρὸς
778 1476 919 1553 εύτελούς
947 1475 1016 1542 οἷὸν
1046 1475 1141 1541 καλὸν
1172 1474 1253 1540 ούτω
1279 1499 1332 1560 γε-

359 1589 394 1628 νν
411 1569 525 1628 ostam

413 1615 620 1712 ’21.”Εοόκει
648 1647 693 1732 μὴ
724 1643 935 1730 μαντεύεσθαι
966 1645 1141 1726 έπιπλέον,
1159 1644 1238 1708 ἀλλά
1268 1643 1330 1728 ἤδη

361 1731 401 1798 τά
428 1735 629 1841 γνωρίσματα
659 1743 799 1810 σκοπεῖν,
832 1735 858 1795 εἰ
886 1737 1032 1817 λαμπρᾶς
1060 1733 1111 1794 καὶ
1133 1730 1333 1816 ένδοξοτέρας

361 1815 466 1899 τύχης.
491 1815 580 1902 απῂει
615 1818 672 1898 μέν
693 1814 853 1902 Μυρτάλη
875 1818 1049 1898 κομίσοοσα
1070 1812 1182 1893 πάντα,
1206 1821 1332 1899 φολασ·

363 1899 479 1982 σύμενα
507 1903 540 1964 έν
567 1898 653 1988 πήρη
673 1907 802 1990 παλαιᾷ.
839 1903 1030 1981 κομισθέντα
1052 1901 1086 1964 δέ
1106 1907 1229 1986 πρῶτος
1249 1903 1333 1965 Διο-

305 1998 354 2048 119
362 1981 543 2070 νοσοφάνης
563 1987 706 2065 ἐπέβλεπε
727 1988 778 2048 καὶ
800 1983 875 2049 ἰδὼν
916 1991 937 2022 “
953 1980 1150 2066 ((χλαμύδιον
1172 1981 1391 2071 διλοοργές,128

361 2066 484 2155 πόρπην
493 2067 701 2152 χρυσήλατον,
719 2071 851 2154 ξιφίδιον
866 2066 1128 2178 έλεφαντύκωπον,
1150 2069 1228 2152 μέγα
1248 2067 1331 2152 βοή-

363 2178 429 2231 σας,
451 2147 504 2220 »Ὦ
518 2158 582 2218 Ζεῦ
598 2155 768 2218 δέσποταίι
789 2158 879 2216 καλεῖ
895 2179 951 2236 την
972 2163 1102 2238 γυναῖκα
1122 2155 1330 2236 θεασομένην.

361 2236 438 2324 ἥδέ
459 2239 571 2303 ι’δούσοι
590 2239 669 2322 μέγα
690 2240 741 2302 καὶ
763 2237 843 2320 αύτὴ
863 2243 942 2318 βοᾶ·
982 2241 1095 2301 νΦίλαι
1117 2241 1259 2324 Μοῖραιί
1293 2237 1332 2302 ού

264 2371 271 2384 .
361 2329 478 2387 »ταῦτα
507 2319 595 2406 ἡμεῖς
623 2321 871 2406 σονεξεθήκαμεν
893 2303 961 2408 ίδίφ
982 2324 1072 2386 παιδί
1076 2351 1087 2405 ,·
1119 2323 1175 2386 οδκ
1197 2326 1239 2398 εἷς
1258 2321 1334 2387 τού-

362 2433 453 2484 ιτονς
472 2408 547 2484 τούς
568 2407 682 2493 ἀγρούς
700 2410 892 2490 κομίσοοσαν
913 2405 1128 2494 Σωφροσύνην
1150 2407 1334 2472 ἀπεστείλα-

362 2517 453 2575 .μεν;
475 2491 532 2560 ούκ
553 2491 633 2556 άλλα
653 2495 710 2575 μέν
733 2486 797 2572 οδν,
821 2491 887 2555 ἀλλ’
912 2491 992 2556 αύτδ
1013 2499 1133 2572 ταῦτα,
1158 2494 1226 2576 φίλε
1247 2490 1334 2578 άνερ.

362 2573 527 2660 »ἡμέτερόν
548 2578 669 2642 ἔστιτὸ
691 2579 831 2657 παιδίον,
861 2575 916 2652 σδς
936 2574 1005 2652 νὶύς
1025 2577 1089 2642 έστι
1111 2575 1249 2664 Δάφνις,
1280 2579 1334 2640 καὶ

362 2660 527 2748 νπατρῴας
548 2661 651 2744 ἔνεμεν
673 2659 785 2746 αἲγας.«

426 2752 478 2812 22.
508 2747 574 2812 Ἔτι
605 2745 755 2831 λεγούσης
783 2745 880 2829 αὐτῆς
908 2747 959 2810 καί
985 2751 1043 2810 τού
1072 2741 1334 2832 Διονυσοφάνοος

362 2831 402 2896 τά
436 2833 637 2916 γνωρίσματα
669 2837 835 2916 φιλοῦντος
875 2833 926 2894 καὶ
957 2825 1017 2895 ύπδ
1047 2839 1189 2914 περιττῆς
1218 2828 1335 2914 ἡδονῆς

362 2911 566 3000 δακρύοντος,
597 2913 613 2978 ὃ
630 2913 780 2990 Ἀστύλος
801 2917 900 2990 συνεὶς
921 2911 963 2992 ὡς
984 2913 1119 3002 ἀδελφός
1140 2918 1212 2995 ἔστι,
1235 2915 1336 3002 ῥίψας

362 2997 532 3078 θοιμάτιον
564 2997 629 3062 ἔθει
662 3001 741 3062 κατὰ
776 3006 833 3063 τού
869 3001 1081 3087 παραδείσου,
1118 3009 1242 3088 πρῶτος
1276 2999 1333 3065 τὸν

362 3081 489 3166 Δάφνιν
524 3086 652 3166 φιλῆσαι
687 3083 801 3147 θέλων.
847 3085 922 3148 ἰδὼν
957 3086 991 3150 δέ
1027 3085 1122 3152 αύτδν
1157 3083 1173 3150 ὃ
1206 3082 1334 3171 Δάφνις

362 3167 479 3233 θέοντα
499 3165 579 3248 μετά
599 3171 722 3232 πολλῶν
744 3170 795 3231 καὶ
815 3173 957 3252 βοῶντα,
980 3168 1103 3258 Δάφνι,
1131 3172 1263 3254 νομίσας
1283 3168 1332 3234 ὅτι

412 3374 455 3422 20.
473 3369 520 3424 ἐπὶ
537 3371 575 3438 τῷ
592 3372 715 3438 κατέχειν
731 3367 779 3424 τὸν
796 3365 858 3426 υἱόν
875 3373 906 3425 G.
923 3399 957 3412 —·
974 3369 1080 3446 μήτρας
1097 3391 1145 3444 pro
1161 3369 1262 3444 μητρὸς
1277 3375 1312 3429 V.

412 3442 455 3490 21.
485 3434 677 3508 φυλαττόμενα
698 3440 732 3490 V.
750 3440 778 3494 S.
797 3468 830 3480 -
859 3439 891 3492 δὲ
913 3445 974 3492 ante
991 3442 1099 3508 πρῶτος
1124 3459 1174 3494 om·
1199 3443 1232 3494 V.
1249 3443 1279 3494 S.
1296 3467 1332 3484 ·-·

362 3503 459 3568 έβλεπε
475 3524 523 3576 pro
541 3505 673 3570 ἐπέβλεπε
690 3507 724 3559 V.
741 3507 769 3558 S.
785 3537 819 3551 -
835 3502 913 3576 ἡμεῖς
929 3503 1120 3575 συνεθήκαμεν
1137 3511 1169 3564 V.
1189 3508 1332 3574 -“παιδὶ,

362 3571 410 3623 καὶ
436 3573 473 3631 είς
497 3591 521 3625 τ.
543 3591 565 3626 τ.
589 3568 691 3642 ἀγρούς
713 3575 881 3656 κομίζουσαν
901 3575 931 3628 V.
950 3574 979 3629 S.
995 3603 1029 3616 —
1051 3572 1121 3628 ἀλλὰ
1144 3579 1230 3628 ταῦτα
1247 3577 1279 3632 V.
1295 3603 1331 3616 -

363 3633 432 3692 ἀλλὰ
447 3640 539 3693 ταῦτα.
560 3642 628 3692 Φίλε
645 3637 720 3710 άνερ,
738 3659 783 3710 ημ.
803 3647 854 3694 etc.
873 3644 903 3694 S.

366 3775 388 3828 v
412 3711 456 3827 ἓν.
484 3701 624 3778 ὁΔύφνις
647 3708 750 3762 θέοντα
773 3725 823 3762 om.
840 3709 875 3762 V.
893 3708 921 3761 S.
938 3737 973 3750 -
1000 3708 1048 3763 καὶ
1063 3713 1190 3778 βοῶντα,
1218 3704 1331 3780 Δάφνις
