2988 4718
276 309 278 314 ’
378 353 401 414 s
610 303 799 423 Λάτιον
808 345 1119 438 μοιιιιιιιιιιιαιι

379 513 603 604 άβροτέροκς”
584 538 723 625 ετρεφον
734 515 786 580 καλ
805 509 977 662 ηράμματο
998 511 1158 578 έπαίδενον
1179 513 1230 578 καλ
1241 509 1369 588 πάντα

265 646 267 650 ,
379 600 440 666 ὅσα
460 597 557 664 καλά
568 593 607 683 ἦν
635 595 723 665 ἐπ”
704 601 864 688 αηροικίρ·
901 596 997 664 έδύκει
1018 595 1124 662 δέί
1073 621 1109 662 πε
1110 598 1240 670 ίθεσθαι
1259 603 1370 675 θεοῖς

378 708 414 749 πε
437 687 448 748 6
474 689 545 750 τῶν
569 685 736 752 σωθέντων
762 664 893 792 προνοίᾳ
927 687 1022 748 θεῶν.
1064 683 1116 746 καί
1147 679 1370 758 κοινώσαντες

379 711 584 854 ἀλλήλοις
549 769 586 835 τδ
618 769 695 881 ὄναρ
721 771 772 834 κοιλ
799 765 955 846 θύσαντες
984 773 1029 876 τρλ
1055 765 1096 832 τά
1123 765 1220 854 πτερά
1250 767 1369 850 ἔχοντι

379 849 493 942 παιδίῳ
516 855 602 961 παρὰ
636 863 705 932 ταῖς
725 851 801 935 Νύμ
829 877 877 930 αις
899 851 964 940 (τὸ
972 851 1032 960 γάρ
1055 849 1155 933 ὄνομα
1176 852 1304 960 λέγειν
1299 853 1369 916 οὐκ

380 919 535 1026 εἶχον),
511 966 553 1018 ως
565 942 722 1049 ποιμένας
742 877 1006 1020 έκπίμπουσιΓ
968 935 1083 1012 αυτούς
1100 935 1168 1018 ἅμα
1188 945 1258 1012 ταῖς
1279 935 1368 1021 άγέ-
1410 955 1413 962 ‘

380 1029 450 1100 λαις
471 1023 683 1102 ἐκδιδάξαντες
703 1023 938 1098 ’ἕκασταπῶς
959 1023 1009 1098 δεῖ
1025 1021 1125 1102 νέμειν
1146 1021 1206 1107 πρὸ
1226 1043 1370 1104 μεσημ-

380 1111 488 1218 βρίας,
525 1117 591 1184 πῶς
619 1109 663 1190 νέ
665 1133 718 1172 ιειν
748 1103 945 1184 κοπάσαντος
977 1112 1035 1172 τοῦ
1067 1103 1243 1187 καύματος,
1275 1103 1368 1172 πότε

381 1193 506 1300 ἄγειν
487 1193 535 1256 6716
555 1189 661 1271 ποτόν,
684 1188 760 1258 πύτε
782 1188 934 1299 ἀπάγειν
931 1193 980 1256 έπλ
1001 1199 1116 1271 κοῖτον,
1140 1191 1187 1258 έπλ
1209 1193 1270 1262 τίσι
1298 1216 1368 1254 κα-

381 1269 513 1388 λαύροπι
532 1277 701 1398 χρηστέον,
731 1277 780 1340 έπλ
810 1278 871 1342 τίσι
891 1273 993 1361 μάνη
1000 1281 1100 1384 φωνῇ.
1147 1275 1177 1340 οἱ
1204 1275 1238 1340 δέ
1263 1273 1368 1356 μάλα

381 1363 540 1446 χαίροντες
569 1360 640 1436 “69
661 1361 761 1472 ἄρχην
781 1357 918 1469 μεγάλην
938 1361 1182 1468 παρελάμβανον
1209 1361 1299 1426 καλε
1281 1362 1365 1512 66³6-
1380 1376 1411 1424 ll

382 1451 457 1510 λυνν
485 1443 606 1522 τάς
570 1470 660 1530 αινοις
686 1448 737 1510 καὶ
766 1472 806 1512 τα
835 1451 1026 1554 προβατιιρ
1027 1443 1182 1511 ιάλλον”
1162 1472 1181 1530 η
1211 1470 1287 1526 ποιμ
1310 1469 1368 1510 σιν

382 1527 478 1608 ἔθος,
510 1527 543 1636 6
562 1531 620 1614 μέν
647 1533 678 1607 ές
706 1529 898 1636 ποίμνιυν’
883 1529 1002 1615 άηουσα
1031 1537 1087 1614 τῆς
1115 1531 1269 1640 σωτηρίας
1300 1530 1369 1613 τὴν

382 1611 543 1694 a6clav,‘
528 1641 545 1681 ο
574 1617 608 1682 δέ
622 1611 866 1707 ,ιίεμνημένος
843 1641 885 1694 αις
906 1617 1076 1718 ἐκκείμενον
1097 1614 1192 1682 αύτδν
1214 1615 1264 1692 α’ίξ
1285 1615 1368 1682 ἀνέ-

431 1725 443 1764 ε
474 1725 515 1764 εν.

382 1705 513 1850 6966*
498 1779 644 1873 ΗΗρος
620 1813 659 1870 ην
680 1785 761 1873 άρχη
749 1786 834 1850 καλ
856 1782 959 1892 πάητα
979 1783 1114 1892 η’κμυιζεν
1127 1783 1260 1894 άνθη,
1260 1783 1303 1848 τά
1330 1785 1367 1848 έν

385 1871 525 1957 δρυμοῖς,
547 1871 625 1935 κδ’
610 1895 642 1933 εν
663 1871 840 1950 λειμῶσι,
823 1873 873 1932 καλ
896 1869 956 1937 ὅσοι
971 1863 1081 1954 άρεια.
1095 1861 1260 1950 βόμβος
1239 1895 1279 1952 ην
1293 1869 1366 1952 ἤδη

384 1959 552 2034 μελιττῶν,
585 1946 663 2059 ἦχος
688 1954 825 2059 δρνίθφν
851 1959 1025 2034 μουσικῶν,
1055 1978 1262 2061 σκιρτηματα
1287 1979 1367 2020 ποι-

384 2037 482 2117 ρίνιιον
504 2033 745 2122 άρτιγεννήτων·
777 2035 869 2122 άρνες
905 2039 1052 2146 ἐσκίρτων
1087 2037 1120 2100 έν
1148 2047 1214 2114 τοῖς
1243 2037 1365 2146 ὄρεσιν,
1444 2055 1446 2062 “

352 2063 583 2228 θλβόμβουνέ
584 2145 601 2182 ν
629 2125 695 2196 τοΐς
715 2123 860 2226 λειμῶσιν
890 2121 950 2184 “ai
968 2118 1126 2228 μέλιτται,
1159 2122 1216 2198 τὰς
1236 2127 1367 2204 λοχμας

385 2205 525 2312 κατῇδον
542 2193 676 2309 ιλρνιθες.
708 2200 863 2314 τρσαύτης
884 2205 924 2287 δὴ
946 2201 1066 2282 πάντα
1064 2203 1259 2288 κατεχούσης
1280 2207 1367 2272 εὔιο-

386 2290 470 2374 ρίας,
495 2288 525 2352 06
547 2286 661 2352 άπαλοὶ
683 2314 733 2351 και
725 2289 816 2352 νέοι
835 2292 968 2396 μιμηταὶ
990 2295 1052 2354 τῶν
1074 2289 1272 2369 άκουομένιυν
1294 2293 1368 2372 {yl-

384 2397 475 2438 νοντο
501 2375 555 2436 καὶ
558 2371 723 2482 βλεποι’
695 2398 792 2438 ιεναιν.
837 2397 1001 2452 οκονυντες
1028 2373 1085 2454 μέν
1120 2379 1183 2438 τῶν
1198 2372 1368 2481 ὀρνίθων

387 2455 527 2544 ᾀδόντων
548 2449 645 2544 ᾖδον,
671 2459 847 2539 βλέποντες
874 2459 914 2523 δέ
937 2463 1127 2544 σκιρτῶντας
1155 2455 1228 2533 τοδς
1260 2456 1368 2544 άρνιις

385 2543 517 2624 ηλλοντο
550 2549 671 2629 κοῦφα,
708 2543 758 2654 κριλ
786 2542 844 2619 τάς
869 2544 1015 2625 μέλιττας
1043 2543 1078 2607 δέ
1104 2539 1290 2624 μιμούμενοι
1317 2543 1365 2608 τά

387 2625 473 2738 άηθη
497 2629 666 2740 συνέλεγον,
690 2627 802 2692 καὶτὰ
823 2627 880 2710 μὲν
902 2629 944 2706 εἰς
965 2627 1039 2704 τούς
1060 2624 1193 2731 κόλπους
1215 2627 1362 2710 ἔβαλλον,

387 2713 427 2779 τά
450 2714 484 2777 δὲ
507 2715 730 2822 στεφανίσκους
751 2714 911 2790 πλέκοντες
932 2723 1001 2789 ταΐς
1020 2707 1173 2798 Νύμφαις
1199 2711 1360 2820 ἐπέφερον

451 2801 503 2861 10.
529 2795 705 2908 Ἓπρρττον
732 2799 765 2862 δὲ
792 2805 908 2908 κοινῇ
910 2795 1014 2862 πάντα
1049 2799 1179 2880 πλησίον
1216 2795 1363 2904 άλληλων

300 2891 304 2896 “
387 2882 539 2961 νέμοντες.
574 2883 624 2943 καὶ
646 2878 793 2955 πολλάκις
812 2883 870 2962 μεν
893 2908 909 2945 ο
897 2879 1057 2987 ιΔάφνις
1077 2887 1140 2945 τῶν
1157 2887 1359 2990 “690661616
1374 2895 1405 2944 12

387 2965 428 3030 τά
451 2963 699 3044 άποπλανῶμενα
722 2965 909 3044 συνέστελλε,
931 2961 1080 3054 πολλάκις
1099 2965 1134 3030 δε
1155 2963 1281 3049 6X666
1303 2965 1362 3042 τὰς

387 3049 590 3158 θρασυτέρας
610 3054 672 3110 τῶν
694 3047 829 3156 ρίγῶν’
811 3047 873 3111 απδ
906 3055 969 3112 τῶν
990 3056 1136 3134 κρημνῶν
1157 3051 1359 3158 κατύλαυνεν.
1470 3057 1471 3120 λ

388 3131 450 3230 η’δη
473 3133 509 3196 δέ
528 3157 574 3208 τις
594 3133 645 3194 καὶ
667 3131 725 3208 τάς
745 3131 856 3236 άγέλας
859 3131 1065 3242 ἀμφοτέρας
1073 3132 1269 3246 ἐφρούρηρε
1261 3135 1362 3202 θυτί-
1470 3125 1471 3212 λ

390 3223 447 3304 ρον
469 3211 781 3328 προσλιπαρήσαντος
802 3213 975 3326 ἆθύρματι.
985 3215 1173 3330 αθύρματα
1194 3213 1269 3284 δὲ
1248 3245 1286 3327 ην
1302 3219 1362 3282 αὖ·

389 3311 456 3378 τοΐς
477 3300 637 3412 ποιμεηικά
659 3327 709 3364 και
701 3299 867 3366 παιδικά.
911 3299 1010 3386 ἦμεν
1039 3304 1224 3412 άνθερίκους
1251 3303 1361 3370 άνελο-

389 3388 467 3470 μένη
502 3385 604 3452 ποθεν
631 3387 803 3462 ἐξελθοῦσα
833 3387 1048 3476 άκριδοθηκην
1078 3388 1181 3456 έπλεκε
1209 3389 1260 3453 καὶ
1291 3389 1361 3474 περὶ
1470 3431 1471 3474 ρ

442 3543 468 3590 8.
486 3536 520 3590 λιι.
545 3557 570 3602 η.
593 3553 625 3608 μ.
644 3539 669 3590 ιλ
684 3539 814 3598 ποιμένες
836 3536 876 3592 έσ.
893 3537 978 3592 καλ
966 3525 1049 3606 οὗτοι,
1066 3535 1124 3610 τάχ.
1142 3539 1225 3595 C.-
1190 3543 1301 3600 -πῶς
1317 3539 1363 3593 δεῖ

392 3604 543 3726 νέμλινολλε
554 3604 660 3726 Βιοπλλί
669 3610 844 3728 ύιτιλιομάλύελλ.
854 3607 891 3716 (Ξ-
907 3674 1012 3742 ἔφερον
1029 3675 1059 3728 V.
1077 3673 1106 3727 S.

402 3743 484 3795 ·Ιδ.
502 3689 655 3812 ἀνελομένη
671 3737 808 3800 ἠῶθενθ.
826 3741 975 3803 ἐξελθοῦσα
993 3759 1043 3796 om.
1062 3740 1092 3797 O.
1112 3771 1145 3786 -
1171 3737 1360 3854 άκριδοθηραν
