2988 4718
310 327 313 332 ¹
381 377 425 442 εο
601 373 789 490 stormy
816 373 1120 438 ποιπσττιιτοσ

381 540 476 608 ἐδόκει
510 545 723 648 μετοπωρινῆς
757 565 783 604 ω
804 563 842 616 ος
881 499 1053 622 ἐνεστώσης
1093 536 1346 604 ἓνθολαπεώειν·

381 625 460 695 ὥστε
489 628 568 690 “nat
595 625 652 727 τὴν
681 630 758 690 ναῦν
777 565 920 690 ἀνεῖλκον
941 627 989 688 ἐπὶ
1010 625 1068 708 τὴν
1087 631 1145 708 γῆν
1164 621 1261 690 νῦκτα
1279 650 1349 707 χει·
1330 646 1393 694 -46

379 711 486 797 μίριον
507 707 687 786 δεδωκότες.
1441 783 1449 798 .

444 799 495 861 16
520 799 593 860 Τών
625 793 664 876 δή
693 817 740 868 τις
767 793 919 902 ἀγροίκων
950 793 981 865 ἔς
1001 758 1135 860 ἀνολείὴν
1156 793 1249 858 λίθου
1271 795 1347 857 θλί-

379 884 492 959 βοντος
520 879 560 944 τά
588 879 769 960 πατηθέντα
789 876 941 985 βοτρίδια
958 875 1089 986 χρῄζων
1110 879 1252 958 σχοίνου,
1290 885 1348 985 τῇς

380 962 530 1074 πρότερον
560 963 718 1072 ραγείσης,
756 960 860 1048 κρῦφα
890 965 937 1025 ἐπὶ
965 962 1023 1044 τὴν
1043 959 1209 1026 θάλατταν
1231 960 1346 1041 ἐλθών,

358 1046 571 1156 Λἀφρουρήτιμ
597 1053 637 1131 τῇ
664 1049 721 1128 νηί
736 1046 949 1156 προσελθών,
985 1045 1022 1110 τδ
1037 1057 1173 1154 πεῖσμα
1204 1043 1345 1156 ἐκλώσας,

381 1134 485 1240 οἶκαδε
505 1111 645 1212 κομίσας,
681 1131 750 1204 ἓς“
734 1155 794 1196 οτι
817 1129 987 1240 ἴχργγζενλ
984 1128 1138 1213 χρήσασα.
1170 1125 1328 1195 ἕωθεν
1290 1157 1347 1195 ουν

381 1217 410 1280 οἳ
433 1221 649 1319 Μηθυμναῖοι
672 1216 824 1280 νεανίσκοι
855 1214 980 1298 ζήτησιν
1006 1218 1164 1280 ἐποιοῦντο
1192 1222 1249 1280 τοῦ
1279 1218 1347 1280 πεί-

381 1323 500 1380 σματος
525 1302 576 1364 καί
605 1295 651 1378 (ὦ
651 1297 775 1382 μολόγει
789 1299 862 1406 γάρ
892 1300 1047 1374 οὐδεὶς
1012 1326 1069 1382 την
1097 1299 1235 1384 κλοπὴν)
1258 1300 1348 1383 ὀλίγα

378 1381 576 1466 μεμψάμενοι
597 1383 671 1458 τοὺς
693 1382 873 1460 ξενοδόκους
904 1385 1092 1470 παρέπλεον·
1126 1387 1177 1448 καὶ
1200 1386 1348 1459 σταδιους

378 1467 545 1583 τριάκοντα
566 1464 795 1574 παρελάσαντες
809 1471 1067 1576 προσορμίζονται
1088 1479 1154 1546 τοῖς
1175 1469 1290 1578 ἀγροῖς,
1311 1470 1347 1534 ἐν

380 1549 426 1628 οἷς
453 1552 554 1639 ᾤκουν
581 1550 716 1636 6X666
746 1551 833 1618 καὶι
819 1580 835 1618 ο
857 1555 1001 1661 Δάφνις·
1039 1551 1135 1618 ἐδόκει
1156 1553 1217 1664 γὰρ
1238 1553 1347 1630 αὐτοῖς

379 1617 474 1704 καλὸν
495 1635 626 1704 εἶναι
592 1664 628 1702 το
651 1639 792 1702 πεδίον
778 1663 809 1714 ες
830 1636 935 1724 θήραν
959 1643 1099 1722 λαγωών.
1136 1650 1267 1746 σχοῖνον
1287 1663 1346 1718 μεν

380 1717 435 1833 οῦν
457 1722 513 1790 οῦκ
535 1719 616 1805 εἶχον
637 1723 716 1788 ώστε
737 1720 932 1826 ἐνδήσασθαι
953 1735 1085 1804 πεῖσμα
1101 1720 1227 1844 λῦγογ
1216 1724 1249 1788 δὲ
1259 1727 1348 1805 χλω-

337 1830 371 1879 42
381 1834 439 1888 ραν
455 1807 589 1914 μακράν
623 1805 864 1913 στρέψαντες
841 1833 885 1882 ως
906 1818 1030 1886 σχοῖνον
1051 1805 1149 1892 ταῦτη
1173 1807 1248 1889 “τὴν
1268 1813 1347 1915 ναῦν

379 1894 412 1955 ἐκ
432 1898 489 1972 τῆς
504 1888 665 1996 πρώμνης
672 1889 770 1971 ἄκρας
790 1891 887 1966 είς
852 1917 909 1971 την
929 1898 985 1972 γῆν
1007 1891 1166 1972 ε’δησανᾞ
1156 1893 1259 1956 ε’πειτα
1272 1891 1348 1968 τοί-ς

379 1972 474 2048 νώνας
496 1973 625 2055 ἀφέντες
645 1971 827 2078 ῥινηλατεῖν,
851 1974 883 2038 ἓν
896 1983 966 2082 τρεῖς
980 1973 1134 2080 εὐκαίροις
1145 1978 1349 2080 φαινομέναις

377 2065 440 2122 τῶν
462 2053 544 2120 ὁδῶν
566 2053 792 2120 ἰλινοστάτουν.
832 2056 862 2120 οἱ
888 2058 946 2136 μεν
975 2058 1014 2138 66
1044 2055 1132 2134 κώνες
1159 2059 1226 2140 ἅμα
1246 2058 1348 2168 66666

378 2141 556 2216 διαθέοντες
577 2137 769 2246 εφάβησαν·
772 2139 838 2213 (τὰς
845 2139 965 2246 αἶγας,
995 2141 1028 2204 αἱ
1050 2144 1140 2208 δὲ
1104 2169 1143 2206 τα
1165 2143 1267 2222 ὀρεινὰ
1289 2170 1350 2208 κα·
1358 2151 1395 2199 47

377 2229 562 2290 ταλιποῦσαι
589 2221 710 2306 μᾶλλόν
739 2249 774 2296 τι
794 2222 874 2330 πρὸς
897 2224 954 2306 τὴν
983 2224 1208 2290 θάλατταν
1183 2251 1349 2310 ωρμησαν·

378 2309 503 2392 ίγουσαι
535 2309 569 2374 δὲ
591 2308 681 2374 οῦδεν
702 2309 734 2372 ίν
754 2303 878 2415 ψάμμῳ
902 2263 1072 2416 266'6706,
1096 2310 1246 2374 ἐλθοῦσαι
1267 2313 1351 2395 πρὸς

377 2394 434 2503 τὴν
454 2399 532 2457 ναῦν
553 2393 587 2456 αἱ
607 2392 802 2500 θρασύτεραι
817 2392 921 2456 αῦτών
941 2393 998 2476 τὴν
1018 2390 1111 2476 λώγον
1132 2393 1188 2476 τὴν
1206 2397 1348 2481 χλωρὰν,

376 2505 397 2564 η
381 2467 562 2543 δέδετο(
545 2503 565 2546 υ
586 2483 672 2556 ναῦς,
696 2476 873 2584 ἀντίφωνον.

442 2566 493 2628 14.
509 2555 573 2628 Ην
595 2563 631 2627 δέ
648 2587 678 2626 τι
699 2565 750 2638 καὶ
772 2557 976 2626 κλυδώνιον’
962 2587 994 2628 ιν
1014 2569 1053 2646 τῇ
1074 2564 1236 2671 θαλάττῃ,
1260 2589 1347 2650 κινη-

378 2647 534 2724 θέντος’
516 2647 577 2712 απὸ
610 2652 673 2711 τών
684 2646 782 2752 ὀρῶν
803 2643 986 2751 πνεύματος.
1022 2647 1100 2728 ταχδ
1123 2646 1195 2750 δὴγ
1196 2647 1270 2712 ιάλα
1290 2655 1348 2712 λυ-

377 2738 491 2798 θεῖσαν
512 2732 610 2814 αὐτὴν
631 2727 796 2814 ὑπήνεγκεν
823 2727 856 2835 6
857 2729 1036 2840 παλίρροια
1057 2738 1114 2796 τοῦ
1137 2729 1273 2813 κάματος
1295 2739 1347 2798 καί

378 2819 410 2891 ἒς
438 2815 473 2880 τδ
504 2819 636 2898 πέλαγος
662 2813 866 2924 μετίωρον”
846 2839 961 2923 εφερεν.
1006 2812 1185 2896 αἰσθήσεως
1213 2817 1251 2922 δὴ
1280 2831 1348 2894 τοῖς

378 2901 605 2979 Μηθυμναίοις
634 2899 813 3004 γενομένης,
858 2923 887 2962 οι
917 2899 974 2976 μίν
1007 2899 1054 2961 ίπλ
1088 2899 1144 3006 τὴν
1176 2899 1348 2970 θάλασσαν

379 2982 491 3086 ίθεον,
517 3007 545 3044 οι
536 2981 602 3044 δὲ
622 2980 695 3056 τοὺς
716 2979 810 3055 νώνας
833 2981 1024 3063 συνέλεγον·
1046 2979 1147 3063 ἐβόων
1170 2989 1203 3050 δὲ
1224 2984 1345 3070 πάντες,

379 3063 422 3142 ὡς
448 3060 568 3140 πάντας
596 3063 670 3138 τοὺς
697 3065 730 3126 ἔκ
756 3071 819 3127 τών
845 3065 1031 3145 πλησίον
1012 3077 1127 3179 αγρῶν
1152 3069 1348 3181 ἀκούρανῑας

379 3153 548 3215 συνελθεῖν.
586 3139 698 3210 ἀλλ’
676 3174 714 3229 ην
736 3147 826 3212 οῦδεν
848 3146 976 3234 ὄφελος·
1014 3160 1071 3217 τοῦ
1078 3155 1172 3261 ⁹6²9.
1173 3155 1347 3238 πνείματος

379 3231 585 3342 ἀκμάζοντος,
603 3231 735 3340 ἀσχίτῳ
764 3228 849 3314 τάχει
872 3233 992 3298 κατὰ
975 3243 1050 3319 ροῦν
1071 3235 1090 3319 6
1111 3245 1189 3314 ναῦς
1210 3244 1344 3328 ἐφέρετο.

379 3343 408 3382 οι
399 3317 464 3379 Ηδ
495 3307 551 3382 οῦν
578 3317 634 3380 οῦκ
664 3296 775 3425 ὀλίγων
803 3315 969 3400 κτημάτων
991 3348 1019 3386 οι
1011 3321 1254 3436 Μηθυμναῖοι
1277 3352 1347 3391 στε-

285 3435 289 3452 ·
380 3399 503 3489 ρόμενοι
543 3397 722 3484 ἐζήτουν
689 3427 744 3466 ταν
765 3402 897 3484 νέμοντα
919 3405 976 3482 τὰς
998 3404 1101 3491 αἶγας,
1135 3411 1185 3470 καί
1208 3407 1348 3520 εῦρόντες
1375 3439 1377 3448 ’

430 3547 549 3618 ἑστώσης
565 3567 614 3622 pro
632 3549 781 3619 ἐνεστώσης
797 3555 831 3606 V.
849 3555 878 3608 S.

431 3627 473 3674 16.
493 3621 558 3672 Τῶν
575 3620 609 3671 δέ
623 3620 710 3678 mc.
727 3647 761 3659 -—
779 3615 876 3673 στάδια
894 3639 942 3692 pro
960 3623 1088 3703 σταδίους
1104 3626 1137 3675 V.
1154 3597 1185 3677 S.
1202 3627 1233 3680 C.

431 3692 472 3742 14.
490 3682 572 3740 πίσθ’
557 3701 640 3752 ησεως
656 3686 687 3739 δὲ
704 3688 739 3738 V.
756 3687 784 3738 S
803 3689 834 3740 (λ
852 3715 886 3730 -
903 3690 951 3744 δπλ
968 3687 1108 3745 θάλατταν
1124 3692 1208 3748 ἔθεον
1225 3695 1257 3748 V.
1270 3695 1300 3749 S
1314 3727 1349 3738 -·

382 3757 409 3808 οἱ
426 3765 486 3808 ante
503 3707 689 3824 Μηθυμναῖοι
705 3771 757 3808 om.
776 3755 811 3807 V.
829 3755 858 3809 S.
