2988 4718
405 389 563 456 ΛΟΓΟΣ
592 391 826 458 mmo}
1052 393 1096 460 2⁹

123 558 290 646 περιβολαλ
318 559 432 636 θλῖψιν
460 555 526 631 τοῖς
547 554 681 639 στόμασι
702 558 900 644 παρέχουσαι.
938 556 1017 622 κατά
1038 557 1096 639 τήν
1154 549 1157 566 '

125 651 192 707 τῶν
218 646 331 726 χειρῶν
360 640 542 726 προσβολήν
567 638 755 728 βιαιότερον
777 641 816 723 δή
849 647 906 706 τοῦ
932 638 1097 725 Δάφνιδος

126 724 397 806 ἐπισπασαμένου,
442 727 578 788 κλένεταί
600 751 667 800 πως
698 728 746 789 ἐπὶ
774 727 910 811 πλευρὰν
938 723 957 808 ή
986 721 1094 808 Χλόη·

129 812 270 884 κάκεῖνος
291 809 325 873 δέ
348 812 617 890 συγκατακλίνεται
647 817 691 896 τῷ
719 807 870 894 φιλήματι
899 809 1094 876 ἀκολουθῶν.

130 898 185 958 καὶ
214 895 418 978 γνωρίσαντες
452 899 515 958 τῶν
547 893 673 977 ὀνείρων
705 895 762 977 τήν
793 893 895 958 εἰκόνα
927 895 1096 959 κατέκειντο

131 978 232 1044 πολύν
249 976 364 1063 χρόνον
391 975 494 1062 ὥσπερ
517 979 738 1059 συνδεδεμένοι.
776 977 890 1054 εἰδότες
911 981 944 1043 δέ
965 986 1028 1047 τῶν
1048 981 1097 1042 ἐν-
1171 1045 1174 1050 ,

132 1067 245 1128 τεύθεν
272 1061 362 1126 ούδέν
390 1064 441 1126 καί
460 1065 642 1142 νομίσαντες
662 1069 754 1127 τοῦτο
777 1059 852 1128 εἶναι
873 1065 970 1148 πέρας
990 1066 1098 1149 ἐρωτι-

133 1155 192 1228 κῆς
212 1145 423 1224 ἀπολαύσεως,
444 1143 549 1228 μάτην
569 1146 605 1212 τό
627 1150 771 1212 πλεῖστον
792 1154 849 1230 τῆς
862 1145 981 1232 ἡμέρας
996 1150 1098 1210 δαπα-

134 1230 292 1312 νήσαντες,
317 1227 509 1313 διελύθησαν
532 1234 610 1294 “nai
631 1232 689 1307 τὰς
710 1232 821 1314 ἀγελας
841 1231 1022 1313 ἀπήλαυνον
1042 1231 1140 1312 τήναο

134 1313 231 1382 νύκτα
251 1321 422 1396 μισοῦντες.
447 1315 520 1390 ἴσως
543 1313 581 1378 ἀν
602 1341 633 1379 τι
653 1317 702 1380 καὶ
725 1323 787 1382 τῶν
807 1315 939 1398 ἀληθῶν
947 1313 1099 1402 Ιἔπραξαν,

135 1404 162 1466 εἲ
189 1401 233 1481 μή
260 1399 401 1486 θόρυβος
427 1397 549 1464 τοιόσδε
578 1407 683 1466 πᾶσαν
708 1401 765 1483 τήν
794 1400 953 1487 ἀγροικίαν
985 1402 1100 1482 ἐκείνην

136 1486 295 1566 κατέλαβε.
528 1537 531 1545 .
1077 1563 1081 1574 .

201 1589 253 1650 12.
277 1586 353 1650 Νέοι
373 1588 585 1670 Μηθυμναῖοι
605 1587 748 1651 πλούσιοι
764 1587 935 1650 διαθέσθαι
948 1585 1004 1649 τόν
1025 1609 1100 1670 τρν-

90 1689 128 1738 45
137 1669 233 1754 γητόν
247 1671 279 1732 έν
294 1673 394 1756 ξενικῇ
411 1673 518 1754 τέρψει
539 1671 739 1752 θελήσαντες,
762 1677 840 1733 ναῦν
862 1669 996 1755 έέμικρὰν
1017 1675 1101 1732 καθ-

138 1753 321 1830 ελκύσαντες
341 1758 390 1817 καὶ
418 1757 537 1830 ολκέτας
564 1753 770 1840 προσκόπους
796 1756 999 1831 καθίσαντες»,
1028 1751 1103 1826 τοὺς

138 1840 363 1920 Μυτιληναίων
389 1839 504 1925 ἀγρούς
523 1841 712 1946 περιέπλεον,
746 1838 814 1904 ὅσοι
835 1834 1003 1920 θαλάσσης
1023 1842 1102 1919 πλη-

140 1925 220 1988 σίον.
249 1922 403 2004 εύλιμενός
422 1947 456 1988 τε
476 1926 536 2008 γὰρ
557 1951 577 2009 η
599 1927 746 2010 παραλίαν
758 1926 809 1986 καλ
831 1921 984 2004 οἰκήσεσιν
1004 1922 1102 2004 η’σκη-

138 2009 218 2089 μένη
239 2013 425 2083 πολυτελῶς.
447 2011 497 2072 καὶ
519 2009 636 2095 λουτρά
659 2014 773 2091 συνεχῆ
793 2007 979 2093 παράδεισοί
996 2028 1029 2070 τε
1051 2007 1102 2068 καὶ

141 2091 238 2173 ἀλση,
265 2091 383 2172 τὰμὲν
405 2092 527 2178 φύσεως
547 2093 636 2179 έργα,
665 2093 705 2158 τά
728 2095 762 2158 δέ
784 2089 963 2178 ἀνθρώπων
982 2092 1102 2172 τέχναι·

140 2174 244 2240 πάντα
271 2178 420 2259 ένηβήσαι
441 2175 531 2241 καλά.
569 2179 798 2264 παραπλέοντες
819 2179 853 2241 δὲ
874 2179 924 2240 καὶ
943 2171 1104 2261 ἐνορμιζό-

140 2285 228 2343 μενοι
257 2261 351 2326 κακόν
377 2261 435 2342 μέν
465 2263 589 2327 ἐποίουν
618 2263 724 2341 ούδέν,
761 2261 886 2348 τέρψεις
911 2261 945 2324 δέ
965 2262 1106 2334 ποικίλας

142 2347 314 2429 ἐτέρποντο,
337 2346 420 2410 ποτέ·
432 2347 492 2427 μέν
511 2346 687 2431 ἀγκίστροις
707 2344 857 2426 καλάμων
879 2346 1107 2430 ἀπηρτημένως

142 2432 176 2494 ἐκ
198 2432 281 2494 λίνου
302 2435 416 2495 λεπτοῦ
436 2433 611 2515 πετραίους·
624 2435 719 2512 ῖχθύς
747 2429 920 2506 ἁλιεύοντες
938 2433 971 2492 ἐκ
991 2431 1107 2516 πέτρας

142 2511 315 2592 ἁλιτενοῦς,
343 2516 418 2577 ποτέ
445 2517 478 2578 δέ
500 2517 569 2578 κυσὶ
583 2517 649 2577 καὶ·
663 2512 796 2589 δικτύοις
816 2513 956 2595 λαγωούς
977 2511 1107 2597 φεύγου,

140 2623 201 2676 τας
226 2597 281 2662 τόν
310 2599 342 2660 ἐν
369 2608 439 2673 ταῖς
465 2598 613 2678 ἀμπέλοις
632 2595 775 2683 θόρυβον
797 2595 1017 2678 λαμβάνοντες.
1047 2594 1107 2677 ήδη

143 2685 177 2748 δέ
207 2683 259 2745 καλ
287 2681 425 2765 ὀρνίθων
458 2681 555 2765 ἀγρας
582 2683 727 2764 ἐμέλησεν
758 2681 878 2757 αύτοῖς,
915 2683 966 2743 καὶ
996 2680 1109 2760 ἔλαβον

142 2764 272 2855 βρόχοις
295 2771 397 2848 χῆνας
428 2765 554 2850 ἀγρίους
580 2767 631 2828 καλ
657 2762 773 2848 νήττας
793 2765 996 2840 καδιότίδας·
1029 2764 1109 2830 ὥστε

143 2849 297 2936 ήτέριγις
327 2851 435 2924 αότοῖς
461 2851 512 2912 καὶ
533 2849 684 2933 τραπέζης
704 2849 852 2934 ἀφέλειαν
875 2857 1045 2932 (έπαρεῒχεν.
1084 2850 1149 2912 εἲ41
1222 2851 1224 2858 ’

144 2937 183 3000 δέ
199 2959 284 3010 τινος
303 2936 455 3020 προσέδει,
478 2934 564 3020 παρὰ
584 2940 647 3000 τῶν
668 2937 700 2998 έν
721 2944 796 3010 τοῖς
807 2935 914 3019 ἀγροῖς
934 2933 1110 3016 ἐλάμβανον

145 3021 378 3108 περιττοτέρους
403 3025 460 3102 τῆς
486 3019 576 3094 ἀξίας
604 3019 736 3100 ὀβολούς
756 3018 1013 3102 καταβάλλοντες.
1050 3017 1110 3082 έδει

146 3107 182 3170 δέ
202 3103 298 3188 μόνον
319 3101 416 3189 ἀρτου
438 3106 489 3168 καὶ
512 3103 597 3170 οἴνου
617 3107 668 3170 καὶ
691 3106 816 3189 στέγης·
846 3104 957 3190 οὐγὰρ
971 3103 1112 3188 ἀσφαλές

148 3319 151 3326 ,
200 3285 310 3357 στόμασι
323 3307 373 3359 pro
391 3286 508 3361 στόμασι
524 3293 552 3344 S.
566 3318 599 3330 -
617 3285 765 3358 περιβολὴν
775 3303 822 3357 pro
834 3281 990 3357 προσβολήν
999 3287 1034 3342 V.
1048 3287 1111 3340 S.-

146 3352 300 3428 βιαιότερόν
315 3375 341 3409 τι
358 3358 388 3411 C.
399 3385 434 3405 -
449 3353 629 3413 ἀπολαύσεως
646 3357 774 3425 ἐρωτικῆς
791 3357 822 3406 V.
842 3359 870 3407 S.
882 3380 915 3404 ·‚-
934 3357 1000 3414 ίσως
1016 3353 1048 3406 δέ
1064 3355 1112 3406 καὶ

147 3426 205 3477 τῶν
225 3421 336 3490 ἀληθῶν
356 3443 382 3476 τι
405 3425 529 3495 ἔπραξαν
543 3427 577 3480 V.
601 3427 667 3484 ἴσοις
691 3423 722 3476 δὲ
748 3416 803 3474 κόν
824 3419 946 3478 tow-dl„
962 3422 1065 3491 τιιέπρ.
1082 3423 1111 3473 S.

148 3495 214 3552 ἴσως
230 3491 261 3546 δὲ
279 3488 314 3546 όν
330 3491 417 3546 τεκαὶ
434 3497 486 3550 etc.
506 3493 537 3546 C.

202 3579 244 3628 12.
261 3576 456 3640 Μιτυληναίων
478 3576 512 3628 V.
536 3575 564 3626 S.
590 3575 621 3628 C.
643 3601 677 3613 -
704 3566 838 3636 θαλάττης
862 3573 896 3624 V.
920 3574 949 3624 S.
975 3599 1008 3612 ·-
1030 3567 1067 3623 ἀν
1105 3609 1112 3624 .

149 3644 307 3714 τέχνηςῖλί.
330 3640 410 3711 ἁνθρ.
426 3645 508 3710 τέχνη
530 3644 559 3695 S.
583 3644 614 3694 G.
637 3669 671 3680 -
699 3638 839 3697 ἐνοικῆσαι
860 3638 1060 3722 ρεοξδγηβήσαι
1074 3691 1084 3702 ,
1099 3677 1114 3720 .·

147 3716 246 3851 ῗὲρῷς
260 3712 456 3830 ιραανιλέοντες
478 3725 527 3782 [πο
550 3707 756 3780 παραπλέοντες
777 3706 812 3760 V.
836 3707 865 3760 S.
883 3735 916 3752 -
939 3722 1008 3760 ινστε
1021 3705 1113 3768 -καὶη
