2988 4718
349 1258 575 1339 mana
625 1219 910 1376 saluus
1004 1251 1008 1258 ·

530 1459 729 1468 *m

213 1563 237 1616 I·
265 1549 326 1624 Est
348 1570 375 1622 in
396 1571 482 1624 Lesbo
499 1574 577 1635 urbs,
595 1571 697 1624 nomine
714 1570 860 1640 Mytilene,
883 1589 976 1642 magna
1000 1579 1027 1626 et
1056 1577 1114 1644 pul-

146 1665 216 1718 chra.
251 1665 364 1718 Influens
382 1682 452 1717 mare
476 1666 563 1719 multis
588 1683 643 1718 eam
661 1665 757 1736 euripis
776 1665 912 1733 distinguit
935 1683 966 1716 ac
990 1665 1114 1718 dissecat:

146 1756 174 1802 et
196 1754 292 1819 pontes
308 1753 364 1802 tota
386 1751 453 1802 urbe
475 1749 577 1819 plurimi
600 1757 661 1802 sunt
684 1767 716 1801 ex
740 1749 850 1802 candido
875 1766 905 1800 ac
928 1747 1009 1818 polito
1029 1749 1116 1819 lapide

146 1833 228 1895 iacti3
252 1839 283 1886 ut
300 1849 349 1884 non
360 1835 437 1897 urbs,
462 1831 514 1902 sed,
529 1833 614 1885 insula
631 1833 807 1885 amoenissima
827 1849 884 1884 esse
901 1832 1030 1884 videatur.
1074 1833 1115 1884 Ab

146 1917 196 1970 hac
213 1917 315 1986 quidem
331 1919 396 1971 urbe
412 1917 559 1988 Mytilene,
583 1919 669 1972 stadia
688 1918 793 1971 circiter
810 1919 936 1981 ducenta,
962 1917 1012 1970 uiri
1030 1917 1115 1970 cuius-

146 2002 204 2056 dam
229 2002 344 2072 opulenti
367 2021 431 2072 ager
454 2003 519 2056 situs
545 2009 614 2068 erat,
644 2003 775 2074 possessio
797 2002 986 2072 pulcherrima:
1015 2006 1116 2054 montes

145 2087 271 2152 ferarum,
306 2094 383 2157 prata
411 2087 494 2141 tritici
529 2089 641 2153 feracia3
681 2089 829 2158 palmitibus
859 2088 983 2154 colliculi,
1019 2085 1117 2158 pascua

147 2170 272 2238 gregibus
309 2171 492 2224 abundabant:
528 2189 598 2225 mare
620 2178 705 2225 autem
732 2171 816 2224 litoris
844 2171 956 2242 proiecti
986 2171 1117 2225 alludebat

147 2255 247 2306 mollem
265 2272 377 2308 arenam.

211 2339 249 2392 Il.
274 2340 336 2392 Hoc
352 2339 379 2390 in
396 2357 460 2408 agro
478 2359 585 2410 gregem
601 2358 709 2412 pascens
728 2341 871 2410 caprarius,
888 2341 990 2394 nomine
1007 2341 1116 2404 Lamon,

144 2423 268 2476 infantem
290 2441 307 2476 a
333 2441 412 2492 capra
435 2425 577 2478 enutritum
601 2425 709 2478 invenit.
745 2425 833 2477 Saltus
851 2433 908 2478 erat
924 2432 951 2478 et
969 2425 1115 2487 dumetum3

144 2507 295 2576 hederaque
323 2509 469 2559 errabunda
492 2526 541 2560 nee
570 2525 622 2559 non
650 2507 732 2560 mollis
755 2509 851 2572 herba,
882 2509 909 2560 in
937 2525 990 2578 qua
1010 2509 1117 2562 iacebat

142 2591 294 2644 infantulus.
329 2589 390 2642 Huc
408 2607 486 2660 capra
507 2590 659 2660 frequenter
682 2607 826 2643 commeans
849 2607 928 2659 saepe
952 2592 1033 2644 oculis
1054 2593 1117 2644 sub-

142 2676 293 2728 ducebatur
319 2689 420 2740 suoque
442 2674 516 2726 foetu
538 2674 631 2726 relicto
654 2673 747 2725 infanti
769 2673 908 2725 assidebat.
942 2674 997 2727 Has
1015 2675 1116 2728 discur-

142 2759 261 2812 sationes
279 2757 403 2810 observat
419 2757 526 2822 Lamon,
546 2759 660 2826 neglecti
682 2759 786 2810 haeduli
806 2757 941 2810 misertus:
966 2767 993 2812 et
1010 2761 1117 2814 meridie

143 2845 254 2897 ardente
279 2859 374 2912 caprae
396 2842 508 2911 vestigia
531 2849 637 2896 secutus
668 2859 723 2896 eam
749 2843 852 2912 quidem
881 2844 1008 2914 conspicit
1040 2851 1117 2898 caute

145 2933 173 2980 et
197 2927 274 2980 anxie
299 2927 514 2991 circumeuntem,
546 2945 579 2978 ne
601 2927 702 2979 seilicet
724 2945 833 2996 puerum
856 2929 959 2996 ungulis
984 2929 1115 2994 laederet3

144 3013 268 3066 infantem
294 3025 359 3064 vero
382 3017 505 3080 tanquam
528 3029 561 3064 ex
583 3018 698 3064 materna
721 3013 884 3064 mammulae
902 3013 1116 3067 adfluensuber-

146 3083 208 3149 rime
225 3097 378 3149 trahentem
398 3093 460 3148 Ille
478 3079 564 3150 autem
581 3107 612 3149 ut
633 3113 681 3167 por
704 3103 745 3150 est
761 3097 869 3150 miratus
887 3097 993 3168 propius
1013 3099 1117 3151 accedit

148 3186 175 3232 et
191 3182 326 3250 puerulum
345 3181 517 3250 deprehendit
528 3181 694 3234 maiusculum
706 3187 787 3247 atque
807 3188 945 3235 venustum
962 3189 990 3235 et
1002 3183 1117 3235 fasciolis

147 3265 223 3334 longe
247 3265 448 3335 elegantioribus
473 3285 548 3336 quam
571 3284 620 3336 pro
645 3266 759 3336 expositi
783 3266 889 3318 infantis
910 3266 1049 3318 fortuna
1040 3281 1117 3317 anve-

147 3349 251 3402 1ιι1ιιιιι··
275 3353 405 3406 enimvero
437 3351 474 3404 illi
503 3353 595 3405 aderat
620 3351 719 3419 togula
748 3367 895 3418 purpurea,
933 3367 1010 3420 quarn
1038 3367 1117 3404 aurea

148 3437 270 3488 nectebat
293 3437 387 3504 fibula,
412 3441 440 3490 et
463 3437 604 3504 gladiolus,
632 3435 705 3487 euius
723 3435 854 3486 eburneos
871 3433 1055 3504 resplendebat
1073 3449 1116 3488 oa-

148 3519 232 3588 pulus.
958 3555 960 3560 -

212 3603 263 3658 111.
292 3604 380 3656 Primo
397 3603 480 3673 igitur
497 3609 581 3656 constr
560 3603 670 3656 tituerat
686 3601 742 3654 sola
758 3600 851 3652 tollere
867 3606 1047 3666 monumenta,
1073 3603 1117 3654 in-

149 3687 241 3740 fantem
259 3703 323 3741 vcro
342 3687 494 3740 derelictum
510 3687 659 3754 negligere3
677 3690 706 3737 at
723 3683 817 3736 deinde
835 3693 893 3736 cum
909 3684 979 3738 illum
995 3685 1116 3755 puderet,

150 3771 172 3822 si
187 3787 220 3823 ne
238 3787 332 3841 caprae
355 3770 459 3839 quidem
483 3769 664 3822 humanitatem
681 3767 841 3830 imitaretur,
869 3775 948 3820 nocte
964 3773 1117 3837 exspectata

151 3855 232 3908 omnia
255 3855 288 3908 ad
311 3871 419 3908 uxorem
443 3853 574 3922 Myrtalen
593 3853 693 3915 defert,
716 3859 743 3906 et
759 3856 921 3905 monumenta
938 3857 966 3904 et
982 3850 1116 3918 puerulum
