2978 4718
501 421 630 485 LIBER.
644 423 793 487 PRIMUS
1089 425 1132 489 ab

157 607 237 663 quam
255 568 349 660 capere
366 569 526 660 potuerunt3
545 591 627 646 sentit
643 591 709 646 enim
728 592 904 669 etiamsolum
922 589 1013 644 callide
1030 589 1129 656 fictum,

41 689 45 695 ·
156 677 252 730 multas
275 691 338 728 vero
362 691 454 744 capras
477 680 559 746 atque
584 693 647 730 ovea
671 676 860 747 perdiderunt,
889 675 1049 748 quinetiam
1074 677 1131 730 fera

109 791 111 798 ‹
156 759 297 830 Daphnim,
313 759 365 812 hoc
381 760 474 812 modos
720 817 724 825 ,

225 859 287 915 XII.
321 859 397 912 Hirci
432 860 598 916 lascivi-entes
636 863 669 915 ad
697 879 812 932 pugnam
838 866 1033 916 concurrerunt.
1077 861 1132 916 Uni

157 945 245 1014 Igitur
266 961 347 996 cornu
363 945 472 998 alterum
489 961 522 998 ex
538 946 693 1000 violentiora
711 946 835 1000 condictu
852 946 997 1014 frangitur,
1020 947 1063 1016 qui
1083 947 1131 1000 do-
1206 971 1209 982 ·

159 1029 214 1082 lens
238 1029 299 1080 inde
326 1029 510 1083 fremebundus
535 1047 565 1084 se
583 1032 610 1083 in
635 1033 724 1100 lugam
750 1032 832 1085 dedit.
868 1031 962 1084 Victor
980 1035 1066 1085 autem
1081 1049 1130 1101 per

158 1113 272 1181 vestigia
287 1112 419 1167 insectans
437 1115 580 1184 fugientem
606 1117 788 1188 persequendo
806 1133 858 1168 non
875 1116 986 1170 destitit.
1016 1115 1132 1186 Daphnis

159 1199 294 1250 confracto
313 1197 401 1250 dolens
419 1213 502 1251 cornu
518 1199 687 1270 offensusque
701 1201 745 1252 illa
763 1200 938 1263 contumacia,
955 1201 1027 1252 iuste
1045 1201 1128 1270 pedo-

126 1307 129 1314 *
158 1301 210 1354 que
233 1283 346 1353 arreptis
372 1287 573 1354 persequentem
600 1276 817 1356 peisequebatur:
848 1285 898 1337 Uti
915 1289 1002 1338 autem
1019 1285 1075 1336 fere
1091 1284 1132 1348 fit,
1231 1315 1235 1330 ·

158 1367 241 1420 altero
258 1368 364 1436 quidem
380 1370 605 1439 subterfugiente,
636 1373 719 1423 altero
738 1375 825 1424 autem
841 1371 881 1422 ira
897 1373 1007 1440 abrepto
1025 1374 1052 1422 et
1069 1387 1131 1440 per-

159 1456 300 1519 sequente,
328 1469 380 1504 non
399 1458 488 1507 certus
506 1455 569 1508 satis
589 1472 691 1521 eurum,
718 1473 785 1524 quae
803 1455 837 1506 ad
854 1455 934 1524 pedes
951 1456 1131 1518 occurrebant,

158 1540 313 1606 prospectus
338 1541 410 1602 erat3
440 1540 487 1592 sed
512 1539 540 1591 in
563 1541 666 1594 foveam
693 1541 768 1600 ambo
783 1539 915 1603 incidunt,
946 1539 1034 1592 hircus
1050 1539 1132 1608 prior,

157 1621 291 1690 posterior
309 1616 439 1692 Daphnis.
479 1625 518 1677 Et
541 1624 592 1677 boc
616 1625 700 1694 ipsum
723 1624 851 1694 Daphnim
879 1623 1012 1687 servavit,
1039 1627 1133 1692 utpote

157 1704 232 1756 hirco
250 1723 299 1775 pro
316 1707 444 1771 uehiculo,
464 1725 516 1778 quo
533 1709 637 1762 innixus
654 1709 839 1772 delaberetur,
857 1725 939 1760 usum.
984 1708 1074 1776 Atque
1090 1706 1133 1758 ibe

62 1827 67 1838 .
159 1789 268 1858 quidem
288 1788 508 1856 lacrimabundus,
540 1809 626 1862 aquo
645 1793 844 1856 extraheretur,
870 1791 892 1844 si
909 1791 967 1860 quis
984 1795 1132 1861 appareret,

159 1871 343 1943 exspectabam
361 1877 444 1928 Chloe
460 1895 535 1942 vero,
554 1885 586 1930 ut
602 1878 748 1949 conspexit,
769 1877 840 1946 quod
851 1879 992 1940 evenerat,
1012 1874 1132 1945 protinus

160 1957 195 2009 ad
219 1959 314 2011 fossam
339 1959 444 2012 advolat
483 1965 562 2030 atque
594 1961 680 2014 illum‘
698 1960 790 2014 vivere
814 1976 989 2028 cognoscens·
1009 1975 1051 2026 ex>
1059 1956 1131 2025 agris

160 2042 253 2096 vicinis
276 2047 406 2112 pastorem
432 2045 542 2114 aliquem
566 2045 661 2098 auxilio
688 2052 777 2098 vocat.
816 2042 864 2097 Ille
891 2061 949 2097 eum
972 2041 1131 2105 advenisset,

160 2127 266 2195 longum
282 2129 425 2197 quaerebat
440 2129 542 2193 limem,
571 2129 613 2182 eni
630 2129 772 2182 adhaerens
788 2127 905 2198 Daphnis
931 2127 1035 2199 extrahi
1051 2131 1078 2179 et
1095 2125 1134 2179 sie

160 2211 273 2264 evadere
288 2215 387 2281 posset.
421 2211 520 2264 Verum
535 2213 604 2265 tinnis
622 2214 655 2265 ad
672 2230 774 2266 manum
791 2229 843 2264 non
862 2216 934 2277 erat3
952 2211 1034 2263 culos
1050 2211 1133 2279 igitur

159 2295 247 2348 atatim
269 2311 341 2348 suam
367 2294 445 2348 solvit
462 2295 574 2349 taerdam
601 2301 629 2349 et
652 2297 718 2348 bane
743 2296 927 2348 demittendam
950 2295 1066 2348 bubulco
1094 2293 1132 2346 illi

158 2378 280 2448 porrigit.
322 2380 411 2448 Atque
438 2378 466 2430 bi
486 2379 591 2448 quidem
615 2379 685 2432 bunc
699 2380 735 2432 'in
759 2380 863 2432 modum
887 2380 921 2430 ad
945 2379 1019 2432 labra
1044 2379 1132 2432 fossae

159 2467 260 2516 stantes
277 2462 383 2516 trahere
399 2450 561 2532 coeperunt3
579 2463 699 2532 Daphnis
714 2481 778 2516 vero
795 2463 922 2526 taeniam,
940 2479 992 2532 qua
1008 2463 1132 2516 trabeba-

160 2551 213 2612 tur,
229 2547 349 2600 manibus
366 2547 565 2614 subsequendo,
583 2547 708 2599 ascendit.
753 2547 936 2598 Extraxerunt
953 2550 1039 2598 autem
1055 2546 1133 2600 etiam

159 2630 283 2684 miserum
302 2629 374 2681 illum
397 2627 512 2693 hircum,
540 2629 582 2682 eui
607 2634 747 2698 utrumqne
770 2645 851 2680 cornu
874 2630 1035 2680 confractum
1058 2635 1133 2694 erat'3

157 2721 248 2768 tantas
277 2729 342 2780 ergo
370 2712 467 2766 devicti
495 2713 561 2765 hirci
587 2729 685 2782 poenas
713 2717 868 2782 perseeutor
896 2711 1013 2764 dederat.
1053 2713 1133 2766 Hunc

157 2797 244 2870 ipsum
271 2794 373 2848 iamiam
400 2794 581 2848 immolandum
608 2795 748 2865 praemium
776 2799 869 2866 partae
896 2796 988 2858 salaba
1016 2797 1133 2850 bubulco

159 2883 291 2936 donarunt
319 2879 389 2950 apud
413 2896 477 2932 suos
500 2879 620 2949 luporum
643 2879 815 2933 incursionem
838 2879 998 2946 ementibrri,
1027 2881 1051 2936 si
1074 2881 1133 2952 quis

160 2966 230 3020 illum
255 2963 426 3018 desideraret.
471 2963 579 3034 ipsimet
606 2963 707 3018 reversi
728 2963 816 3018 orium
841 2981 1028 3036 caprarumque
1050 2967 1132 3038 inspi-

162 3051 233 3103 ciunt
261 3065 375 3118 gregem.
423 3048 542 3118 Cumque
565 3047 694 3102 vidissent
721 3053 861 3118 utrumque
889 3067 997 3120 gregem
1025 3051 1131 3106 decenti

163 3134 253 3186 ordine
275 3149 400 3204 pascere,
421 3148 534 3203 quercus
552 3137 651 3192 trunco¹
662 3131 818 3198 insidentes,
843 3147 903 3188 num
921 3153 997 3204 quam
1014 3135 1132 3205 corpcrIs

163 3223 263 3289 portem
276 3217 346 3270 inter
363 3216 534 3284 decidendum
550 3215 667 3288 Daphnis
685 3222 865 3282 cruentasset,
889 3215 992 3276 audere
1009 3219 1132 3288 dispicie-

162 3304 234 3358 bant.
267 3302 322 3354 Sed
343 3318 404 3371 pars
427 3301 497 3354 nulla
518 3301 590 3370 laesa
611 3305 658 3356 aut
683 3306 819 3356 cruentata
842 3306 915 3366 erat3
941 3317 1015 3356 corna
1031 3307 1131 3358 tentum

164 3403 310 3456 corpusque
325 3385 453 3456 reliquum
469 3385 545 3440 humo
563 3384 704 3454 adgestitia
716 3401 851 3454 coenoque
862 3385 1021 3455 adspersum.
1040 3387 1131 3450 Quare

162 3471 246 3524 visum
270 3474 314 3524 est
334 3470 464 3540 Daphnidi
488 3469 560 3540 prius
582 3487 657 3524 suum
683 3469 790 3524 abluere
813 3485 925 3540 eorpus,
954 3486 1031 3540 quarn
1054 3487 1130 3526 casus

161 3553 206 3608 ille
220 3555 398 3608 innotesceret
409 3554 522 3609 Lemoni
539 3559 621 3625 atque
637 3555 778 3623 Maurae
806 3567 808 3574 '

229 3655 304 3710 XIII.
333 3658 422 3726 Atque
444 3673 497 3708 rma
522 3673 580 3709 enm
604 3656 687 3708 culos
715 3657 749 3708 ad
765 3653 1080 3728 antrum-Nympharum,
1103 3657 1131 3710 in

162 3755 216 3810 qno
232 3741 291 3794 lons
308 3745 379 3804 erat,
403 3741 528 3794 secedens
555 3739 592 3792 illi
616 3757 709 3810 peram·
731 3744 812 3810 atque
828 3739 942 3810 tunicam
957 3738 1067 3794 tradidit
1083 3757 1130 3794 eu-

163 3824 329 3891 stodiendas3
345 3825 402 3896 ipse
413 3831 501 3880 autem
513 3825 582 3878 fonti
597 3825 703 3880 adstans
720 3830 748 3879 et
765 3824 872 3894 capillos
888 3829 917 3900 et
932 3829 1017 3879 totum
1030 3838 1129 3893 'eorpus
