2988 4718
441 373 601 438 ΛΟΓΟΣ
628 375 868 441 ΤΕΤΑΡΤΟΣ
1095 379 1139 442 18

162 576 175 600 2
185 543 218 606 ἐν
237 540 335 626 αὐλίῳ
348 541 660 620 καταλείπεσθαι,
624 566 682 624 την
692 540 906 652 Δάφνιδος’
869 567 966 626 τυχην
976 543 1045 627 ἥτις
1056 543 1139 610 ἐστὶν

163 626 220 692 ,οὐ
252 624 467 734 σιωπήσομαι,
502 625 599 689 ἀλλὰ
607 626 707 690 καλ“
690 651 737 692 οτι
766 619 909 737 εὐηρον
878 631 957 692 ἓκκεί
953 653 1047 711 μενον
1068 631 1138 716 ἐρῶ,

163 710 275 776 .καλ“
259 736 350 786 οπως
363 707 555 797 τρεφόμενον
567 708 699 818 μηνύσω
721 713 805 775 ταδ’
795 737 854 788 οσοι
856 705 966 820 εὗρον
953 656 1140 778 μ-συνικκεί

164 821 263 878 ,μενα
285 797 384 870 δείξω.
415 797 548 876 μαθέτω
570 800 602 859 Γ
597 795 745 860 ναθων
730 822 748 860 ο
768 797 891 881 μιαρός,
916 795 1026 873 οἶος’“
1002 825 1046 863 ων
1067 802 1141 864 δίων

165 884 252 970 οὐρᾷ.
275 878 489 966 παρασκεύαζέ
506 905 559 961 μοι
586 877 684 961 μόνον
707 881 837 967 εὐτρεπῆ
859 883 899 946 τά
920 886 1141 968 γνωρι’.ισματα

235 1003 284 1062 16.
312 999 352 1064 Οἱ
372 999 429 1080 μέν
450 1004 551 1062 ταῦτα
566 999 750 1080 συνθέμενοι
773 997 967 1082 ἀπῆλθον’
943 1003 1016 1066 εισω
1036 1000 1140 1065 πάλιν·

168 1083 243 1148 666
259 1081 409 1158 Ἀστύλος
430 1081 589 1166 σχολήν”
567 1107 672 1191 αγοντι
694 1091 739 1170 τῶ
760 1084 854 1194 πατρὶ
876 1088 1043 1192 προσρυεὶς
1065 1089 1147 1150 αἲτεῖ

165 1168 224 1233 τδν
244 1166 372 1280 Δάφνιν
404 1171 446 1242 εἲς
472 1169 529 1251 τήν
560 1166 649 1231 πόλιν
676 1180 873 1253 καταγαγεῖν,
912 1165 954 1244 ὦς
985 1171 1081 1235 καλόν
1109 1195 1142 1236 τε

166 1251 243 1318 ὅντα
258 1256 308 1318 καὶ
312 1254 482 1362 ἀγροικίας
496 1253 654 1337 κρείττονα
669 1256 719 1316 καὶ
746 1251 908 1336 ταχέως
892 1279 951 1318 οπο
940 1255 999 1318 Γ
995 1254 1142 1330 νωθωνος

167 1363 221 1401 και
211 1338 322 1402 ⁸³16
303 1337 424 1402 αστοκά
447 1338 635 1444 διδαχθῆναι
658 1336 840 1426 δυνάμενον
860 1337 1017 1444 χοίρων“
1002 1365 1018 1403 ο
1038 1339 1142 1452 πατήρ

170 1424 191 1485 δ
193 1423 298 1487 ί·δωσι
337 1423 387 1485 καὶ
418 1420 702 1504 μεταπεμψάμενος
733 1423 788 1487 τόν
818 1423 969 1504 Λάμωνα
1004 1427 1055 1487 καὶ
1085 1423 1143 1506 τὴν

168 1505 348 1617 Μυρτάλην
374 1506 581 1617 εὐηγγελίζετο
616 1507 762 1617 αὐτρῖς,
782 1507 830 1572 ότι
857 1505 1007 1572 Ἀστύλον
1042 1515 1142 1596 θερα-

98 1617 158 1666 126
172 1591 277 1656 πεύσει
298 1590 443 1658 λοιπδν’
425 1594 493 1656 αντὶ
507 1595 611 1700 αὐγῶν
632 1594 682 1657 καὶ
703 1589 826 1699 τράγων
847 1591 991 1699 Δάφνις·
1029 1595 1143 1700 “67:67-

168 1679 293 1761 γέλλετο
325 1677 384 1739 “66
412 1673 563 1740 6606111²
587 1677 700 1739 ἐκείνου
723 1679 833 1740 δωσειν
856 1678 962 1752 αὐτοῖς
983 1675 1139 1753 αἲπόλους.
1154 1685 1203 1734 ll?

171 1764 315 1826 ἐνταῦθα
343 1757 524 1868 όΛάμων,
561 1758 687 1824 πάντων
704 1760 776 1866 666
810 1758 1062 1868 συνερρυηκότων
1094 1764 1146 1826 καὶ

173 1845 223 1910 ότι
245 1845 337 1909 καλὸν
358 1842 531 1926 ὁμόδουλον
554 1845 675 1920 ἕξουσίν
695 1842 874 1955 ήδομένων,
901 1843 1033 1928 αἰτήσας
1041 1843 1146 1954 λόγον

169 1929 288 2016 ἤρξατο
315 1931 428 2014 λέγειν·
472 1928 655 2007 Ακουσον,
699 1956 723 1994 ω
746 1931 901 2038 δέσποτρι,
923 1930 1010 2016 παρὰ
1030 1930 1147 2040 ἀνδρός

168 2017 331 2123 »γέροντος
351 2016 458 2120 ὐληθή
480 2014 588 2124 λόγον·
614 2012 765 2096 ἐπόμνυμι
788 2013 875 2079 66
843 2041 897 2080 τον
910 2019 1008 2080 Πᾶνα
1024 2016 1147 2092 κοίτας

170 2099 343 2208 »Νύμφας,
382 2097 424 2174 ὥς
460 2099 549 2163 οὐδὲν
582 2099 753 2182 ψεύσομαι.
794 2099 850 2164 οὐκ
886 2103 945 2180 εἶμί
981 2097 1147 2184 Δάφνιδος

172 2182 299 2294 ,πατήρ
323 2184 396 2248 οὐδ’
421 2181 571 2266 εὐτύχησέ
589 2209 663 2249 ποτε
685 2181 846 2270 Μυρτάλη
866 2182 986 2296 μήτηρ
992 2185 1147 2270 γενέσθαι.

171 2268 278 2334 ,ἄλλοι
305 2276 440 2417 πατέρες
462 2267 625 2375 ἐξέθηκαν
633 2276 726 2333 τούτο
749 2270 785 2334 τό
808 2271 947 2347 παιδίον,
959 2265 1053 2380 ίσως
1073 2295 1147 2333 ποι-

171 2392 184 2415 ·
191 2357 264 2418 δίων
285 2354 440 2466 πρερβυτέ
440 2379 503 2439 ρων
525 2353 634 2430 άλις’
615 2376 752 2434 εχοντες·
805 2353 863 2436 έγιύ
885 2345 977 2418 66
925 2379 1031 2462 ευρον
1053 2355 1148 2418 ε’κκεί-

172 2463 281 2520 »μενον
303 2441 355 2502 καὶ
376 2436 437 2500 ὐπὸ
461 2437 547 2522 αἷγύς
569 2439 644 2519 ἓμής
673 2435 880 2546 τρεφόμενον
918 2437 974 2544 ἢν
988 2441 1038 2501 καὶ
1068 2439 1148 2502 ὐπο-

172 2529 361 2632 »θανούσαν
378 2521 498 2630 ἔθαψα
518 2523 549 2584 έν
571 2529 615 2612 τῷ
614 2519 795 2632 περικήπῳ
827 2520 974 2604 φιλῶν’
957 2547 1004 2584 οτι
1027 2519 1150 2606 ἐποίησε

172 2607 312 2691 »μητρός
333 2605 427 2709 {ſtrpya
466 2597 555 2692 εὐρον
586 2584 672 2690 άύτῷ
701 2631 752 2667 και
743 2607 900 2711 ”ργνωρίσ
901 2629 974 2667 ιατοι
998 2607 1150 2669 συνεκκεί-

172 2714 290 2775 »μενα·
329 2687 488 2796 όμολογύρ,
527 2669 674 2765 δέσποτά,
696 2692 747 2752 καὶ
771 2687 936 2796 φυλάττω·
974 2687 1069 2796 τήχης
1089 2688 1149 2776 γάρ

174 2780 256 2842 ,ἔστι
283 2772 471 2857 μείζονος”
451 2799 471 2854 η
502 2772 575 2840 καθ’
606 2772 690 2856 ἡμᾶς
708 2772 873 2879 σύμβολα
914 2772 1065 2838 Ἀστύλου
1092 2777 1151 2857 μὲν

176 2855 301 2926 ιούνί
271 2885 347 2924 ενοι
370 2861 484 2922 δούλον
506 2857 602 2922 αὐτόν
616 2857 681 2965 οὐχ
701 2855 890 2944 ὐπερηφανῶ
912 2859 1007 2924 καλὸν
1029 2860 1148 2968 οἷκέτην

176 2950 287 3010 »κοιλοῦ
303 2947 360 3008 καὶ
382 2943 508 3028 ἀγαθοῦ
531 2939 703 3007 δεσπότου·
726 2947 904 3052 παροίνημα
926 2945 960 3008 δέ
976 2949 1008 3009 Γ
1003 2943 1149 3020 ναθωνος

179 3031 232 3094 οὐ
263 3028 398 3111 δύναμαι
430 3030 575 3128 περιϊδεῖν
610 3023 791 3112 γενόμενον,
831 3027 865 3105 ὃς
900 3031 930 3106 ἒς
962 3027 1149 3116 Μυτιλήνην

180 3115 290 3182 καύτόν
313 3114 395 3200 ἄγειν
418 3115 465 3178 ἐπί
487 3119 638 3198 γυναικῶν
661 3113 734 3202 ἔργα
758 3112 946 3192 σπουδάζοιο

119 3249 170 3300 121
245 3235 295 3296 20.
328 3231 365 3297 Ὁ
399 3233 455 3313 μὲν
490 3228 619 3312 Λάμων
654 3239 755 3296 ταῦτα
792 3233 884 3296 εῖπιύν
917 3229 1069 3314 ἐσιώπησε
1100 3233 1151 3294 καὶ

185 3315 342 3384 “60666'
324 3323 426 3403 αφήκε
448 3314 580 3404 δάκρυα.
617 3322 674 3382 τού
696 3318 730 3380 66
752 3321 784 3380 Γ
780 3313 926 3392 ναθωνος
946 3317 1147 3404 θρασυνομέ-
1160 3332 1210 3379 118

235 3533 266 3589 οὐ
286 3535 500 3606 σιωπησόμενος,
517 3534 586 3590 ἀλλὰ
598 3537 631 3590 V
645 3531 716 3601 -6,
728 3553 753 3588 τι
770 3522 932 3603 εὐρονᾚ
914 3552 969 3652 οπη
987 3523 1070 3603 εὗρον
1081 3536 1113 3588 C.
1116 3565 1149 3576 -

187 3599 258 3664 ὅπως
273 3597 350 3658 εἶδον
364 3621 442 3677 τρεφ
461 3606 489 3656 S.

240 3711 275 3760 19.
305 3723 377 3772 πατρ
377 3705 388 3755 6
362 3704 652 3826 ρπροὲρυεὶςΥ.-
681 3697 829 3763 Γνάθωνός
844 3705 975 3772 yse.-
1005 3721 1073 3758 ποτε
1089 3711 1150 3757 ante

192 3767 318 3842 Μυρτάλη
336 3790 387 3826 om.
405 3773 430 3824 V
554 3769 713 3838 Μτυλήνην
729 3773 763 3823 V.
781 3771 809 3826 S.
827 3775 857 3824 C.
