2920 4730
378 410 443 474 2³6
702 405 1027 468 ADNOTATIONES

382 581 416 634 de
434 593 497 649 gens
513 577 688 649 paroiscoient
704 575 769 630 dano
786 575 824 630 les
836 574 966 628 eomediee
978 579 1144 629 entretenent
1154 573 1202 630 dea
1221 573 1288 628 fides
1302 592 1355 646 pn-

380 665 498 734 bliquea=
521 655 685 732 ναύκληροι,
715 667 749 715 les
767 660 916 726 ne'gooionto
942 676 978 712 ou
1004 665 1147 714 armateura
1171 659 1206 712 de
1227 659 1353 725 naviree3

380 748 551 816 στρατιῶται,
570 751 683 812 les-gons
700 749 731 798 de
746 761 849 811 gocerre,
874 743 986 804 enrichie
1004 763 1037 798 en
1053 745 1117 798 Asie
1133 761 1167 796 aa
1184 744 1289 798 service
1306 745 1355 797 dea

380 833 448 896 τοῖος
466 833 596 900 γεωργοί,
614 835 648 882 tos
660 835 833 893 cultionem,
850 829 936 882 ficher
953 828 1023 882 auaui
1039 845 1108 900 pour
1125 829 1150 881 la
1167 829 1284 899 plupart.
1300 829 1355 880 Car

379 917 496 970 Atioduea
514 915 607 967 faisant
624 915 761 983 beaucoup
779 913 814 965 de
831 929 974 965 commerce
992 917 1019 965 et
1036 919 1116 982 ayant
1139 931 1192 983 peu
1217 914 1251 966 de
1273 913 1354 966 terri-

380 1001 457 1064 toim,
474 1000 512 1052 les
530 1005 614 1051 terres
631 1015 649 1065 y
667 997 768 1050 etoient
784 998 838 1050 fort
856 997 954 1050 chdrea.
974 997 1060 1050 Coun.
1078 999 1111 1052 V.
1129 999 1165 1052 G.
1185 1016 1210 1068 p.
1221 1002 1274 1050 250
1286 1015 1327 1067 sq.

449 1078 515 1149 αὕτη
535 1081 739 1148 ηΛυκοίνιον]
757 1081 809 1134 Vv.
825 1075 844 1146 ἡ
859 1081 1016 1136 Αυκοίνιον
1031 1083 1111 1151 vulgo
1130 1082 1225 1136 omissa
1246 1099 1280 1135 ex
1296 1094 1355 1139 AB

378 1168 494 1224 restituit
514 1168 595 1220 Cour.

449 1245 609 1320 λοχήσασο]
635 1249 726 1301 Verba
749 1248 884 1302 venatoria
908 1249 1037 1302 derebus
1054 1250 1185 1304 amatoriis
1202 1250 1352 1320 saepissime

382 1335 500 1388 adhiberi
517 1336 641 1386 observat
664 1334 843 1408 Wyttenboch„
861 1333 907 1401 qui
923 1333 993 1387 hunc
1004 1333 1090 1402 Longi
1107 1335 1191 1388 locum
1209 1336 1308 1388 indicet
1323 1336 1352 1387 in

378 1436 426 1473 sue
444 1417 566 1488 Epistola
583 1416 650 1468 erit.
673 1433 699 1485 p.
719 1421 761 1470 52
796 1415 842 1470 Sic
867 1418 944 1487 poulo
963 1435 1042 1487 supra
1059 1419 1148 1472 eadem
1166 1419 1286 1472 eumdem
1303 1418 1352 1472 δε·
1454 1465 1455 1492 η

378 1497 501 1555 iacienda
525 1501 631 1554 dicitur.
673 1501 750 1570 Apud
776 1500 896 1571 Xenoph.
919 1501 998 1554 Mem.
1020 1503 1037 1554 l.
1055 1503 1078 1556 Ι.
1106 1507 1167 1557 ci.
1202 1503 1353 1556 Alcibiades
1454 1493 1455 1520 λ

379 1587 518 1640 exhibetur
535 1580 581 1638 doci
593 1582 693 1644 κάλλος
705 1581 760 1637 ὑπὸ
772 1586 884 1636 πολλῶν
903 1585 950 1637 καὶ
972 1589 1083 1656 σεμνῶν
1097 1588 1238 1655 γυναικῶν
1254 1583 1352 1656 θηρῶ·

377 1687 470 1742 μενος.
505 1669 547 1722 Cf.
564 1676 592 1721 et
609 1672 716 1722 Doroill.
733 1669 767 1722 ad
786 1669 864 1721 Char.
881 1685 907 1739 p.
920 1673 972 1722 555
983 1688 1022 1739 sq.
1042 1672 1087 1741 [p.
1104 1677 1163 1724 539.
1179 1671 1248 1741 Lips.
1272 1671 1353 1724 Adde

325 1795 327 1802 .
378 1761 460 1809 Boios.
479 1755 512 1806 ad
530 1753 612 1806 Atist.
629 1771 655 1822 p.
668 1753 738 1820 6³l.]
773 1752 819 1805 Sic
836 1753 862 1804 in
878 1753 1008 1809 Aristaen.
1026 1756 1058 1808 L.
1077 1756 1099 1808 Ι.
1118 1775 1159 1826 op.
1178 1762 1219 1808 10.
1236 1773 1285 1826 pro
1302 1753 1356 1810 τὸν

378 1834 508 1910 ἐρωτικὸν
524 1831 610 1906 λόγον
623 1834 781 1908 οἷπέῤῥιψεν
798 1835 952 1908 αἰδουμένη
970 1841 1132 1894 emendatum
1150 1836 1283 1911 ἐρωτικὸν
1304 1836 1356 1894 λό-

374 1940 431 1992 χον
450 1940 465 1974 a
489 1923 569 1973 docto
587 1921 687 1972 critico
704 1920 810 1972 Herelio
826 1921 966 1978 Animadv.
985 1923 1052 1975 Crit.
1068 1924 1147 1978 Miac.
1164 1942 1190 1994 p.
1203 1930 1245 1978 10.
1263 1929 1292 1978 et
1311 1931 1354 1978 19.

376 2006 423 2058 ubi
449 2006 551 2057 confert
573 2003 638 2055 haec
663 2004 753 2056 Ovidii
770 2005 879 2056 Heroid.
894 2005 969 2060 XXI.
991 2006 1019 2058 in
1040 2024 1093 2076 qua
1109 2007 1245 2078 Cydippen
1262 2010 1354 2062 Acon-

377 2089 461 2157 tiiqne
477 2103 578 2139 amores
596 2093 747 2139 tranantur:
764 2088 960 2157 Insidiaaiegi,
986 2107 1079 2158 magne
1096 2099 1184 2160 poeta,
1200 2099 1269 2146 tuas.
1307 2093 1356 2162 [V.
1455 2081 1456 2146 Ῐ

377 2170 498 2224 edilium
515 2169 644 2222 Aristaeo.
667 2169 753 2222 locum
781 2174 854 2223 Boot.
877 2177 906 2224 et
928 2175 1010 2228 Boios.
1027 2190 1088 2244 pag.
1107 2179 1158 2229 ³64
1174 2178 1250 2247 sqq.]
1270 2178 1355 2230 Vror..
1455 2149 1456 2178 ἶ

377 2258 564 2408 pag-&wilm
582 2338 715 2409 ἐλοφείου
732 2351 765 2395 Δ.
801 2339 842 2393 Cf.
860 2357 877 2392 a
893 2341 954 2394 vin.
981 2341 1087 2395 citatum
1110 2331 1191 2410 Toup.
1208 2343 1243 2396 ad
1260 2344 1354 2400 Schoi.
1385 2325 1392 2333 ⁵

378 2423 493 2475 Theocr.
512 2439 572 2492 pag.
591 2429 648 2476 109.
689 2423 735 2476 Sic
753 2419 868 2491 ἀλώπηξ
884 2428 1030 2482 Schneider.
1049 2427 1082 2480 ad
1099 2427 1201 2482 Platon.
1218 2428 1275 2485 Pol.
1293 2437 1317 2484 t.
1329 2431 1354 2486 1.

377 2525 404 2576 p.
416 2512 474 2561 136.
491 2505 626 2579 πάρδαλις
641 2507 759 2558 Passow.
781 2507 807 2558 in
825 2508 890 2584 Lar.
908 2526 930 2563 a.
946 2528 965 2563 v

410 2591 716 2662 ss'xornpovzeuoptrn]
737 2592 957 2662 συμβαλλομένη.
975 2595 1049 2648 Intra
1066 2613 1091 2664 p.
1112 2600 1172 2650 121.
1187 2597 1205 2648 l.
1223 2600 1266 2650 11.
1282 2594 1355 2653 ἰδό-

376 2693 417 2730 κει
430 2670 470 2744 μη
479 2671 667 2745 μαντεύεσθαι
679 2672 726 2726 ἐπὶ
738 2675 825 2752 πλέον
843 2677 888 2750 ubi
904 2694 932 2732 v.
950 2677 1011 2732 Vili.
1031 2678 1153 2732 Sonant.
1171 2697 1196 2749 p.
1208 2687 1270 2734 319.
1293 2682 1353 2736 De-

377 2759 470 2812 mosth.
486 2758 562 2811 Orat.
579 2757 647 2810 Fun.
661 2761 736 2821 1400,
748 2763 773 2810 5.
790 2758 826 2812 ib.
842 2758 933 2814 Roiak.
961 2765 1061 2832 Appar·
1076 2763 1150 2818 Dcm.
1167 2765 1234 2820 Η.
1251 2771 1352 2836 ptim-
1456 2773 1457 2796 λ

376 2843 619 2994 801ιῆἓξκρύψιτσο]
637 2924 684 2978 Sic
700 2926 847 2980 emendavit
858 2928 931 2981 Moli.
948 2929 1086 2997 vulgatum
1097 2926 1253 3004 iyxiuuoa,
1270 2951 1355 3004 quam

377 3008 582 3062 emendationem
598 3008 685 3060 firmat
701 3021 733 3066 Β.
751 3023 797 3067 A:
813 3007 977 3086 iuepdapnoa
992 3007 1088 3082 αὑτήν.

729 3213 802 3274 CA
823 3215 857 3290 Ρ.
900 3218 990 3280 XVI.

445 3341 549 3412 λαβὴν]
568 3345 642 3398 Haec
658 3352 699 3398 est
717 3346 796 3398 lectio
813 3349 939 3417 vulgata,
963 3340 1039 3420 quam
1063 3352 1184 3421 reposui,
1206 3371 1257 3408 non
1275 3353 1354 3426 quod

378 3445 434 3480 eam
452 3428 578 3482 sinceram
596 3447 654 3482 esse
674 3431 815 3495 crederem,
833 3433 881 3485 sed
899 3433 971 3500 quod
992 3452 1060 3504 quae
1081 3435 1162 3489 initae
1174 3445 1235 3492 sunt
1251 3457 1268 3492 a
1284 3441 1355 3496 viris

376 3512 462 3566 doctis
480 3513 631 3564 emendandi
649 3515 772 3579 rationes,
791 3531 838 3568 eae
854 3515 914 3567 miti
931 3533 982 3568 non
1000 3519 1191 3576 satisfacerent.
1226 3523 1354 3580 Difficul-

367 3589 457 3648 'tntem
483 3602 564 3663 auget
589 3597 720 3650 dissensus
746 3598 879 3651 librorum.
901 3611 927 3655 Δ
951 3605 1017 3654 cum'
1033 3603 1092 3656 Par.
1104 3603 1160 3657 111:
1180 3607 1287 3674 λαβεῖν.
1312 3622 1352 3667 ιιι

375 3678 464 3745 laprio
481 3679 556 3746 (si).
585 3679 644 3732 Par.
663 3680 707 3731 112
730 3678 818 3748 λαβὴν
836 3681 900 3747 τὴν,
918 3683 975 3760 τῂν.
1017 3687 1096 3748 Quod
1120 3697 1282 3746 commentus
1311 3704 1354 3748 est

377 3765 465 3834 Toup.
489 3761 558 3816 Add.
575 3761 601 3813 in
619 3761 732 3816 Theoor.
751 3783 776 3836 p.
788 3768 847 3819 397.
864 3766 948 3822 locum
966 3769 1103 3824 Theocriti
1120 3771 1161 3829 Id.
1174 3773 1248 3830 XIV.
1267 3795 1294 3832 v.
1306 3783 1351 3832 21.
