2978 4718
353 413 396 481 ua
612 415 741 477 LONGI
771 412 1058 476 PASTORALIUM

353 599 416 636 oves
433 599 496 636 suae
512 597 615 636 causam
631 583 722 636 salutis
735 583 874 637 referebat.
897 581 1014 652 Daphnis
1024 580 1114 636 itidem
1124 596 1178 634 uon
1189 579 1321 636 immemm

353 671 419 732 erat,
438 668 509 738 quod
526 683 585 720 sara
601 666 747 736 expositum
764 681 844 736 capra
860 665 1037 718 enutrivisset

420 751 468 804 IX.
495 750 601 804 Initium
616 750 687 804 reris
704 757 762 804 erat
780 748 942 818 omniumque
958 748 1053 802 florum
1070 765 1152 818 genus
1169 765 1217 818 per
1233 748 1322 814 silvas,

352 853 400 906 per
416 840 507 905 prata,
531 851 579 904 per
594 839 695 888 montes
712 834 828 903 rigabat.
862 833 918 886 Iam
935 849 1012 903 apum
1028 833 1146 895 bombus,
1174 832 1225 886 iam
1241 849 1322 886 cane

303 989 308 994 ,
351 935 438 972 rarum
468 919 553 972 avium
580 937 635 972 vox
663 935 739 972 aures
767 917 961 986 permulcebat3
996 929 1094 986 peoora
1123 916 1225 970 novella
1252 916 1323 970 saltu

351 1002 539 1068 lasciviebaut3
559 1003 620 1072 agni
636 1002 663 1054 in
680 1002 811 1056 montibus
828 1001 966 1066 saliebant,
984 1017 1046 1070 apes
1062 1001 1090 1052 in
1107 1001 1189 1070 pratis
1201 1017 1322 1054 susurra-

352 1090 433 1152 bant,
459 1103 522 1140 aves
538 1103 644 1140 nemora
662 1093 741 1140 cantu
758 1088 941 1154 personabant.
983 1085 1052 1138 Dum
1073 1085 1111 1138 ita
1126 1085 1228 1154 placide
1244 1103 1321 1155 sepo·

352 1171 410 1225 aitis
435 1171 505 1224 curis
531 1170 615 1224 omnia
626 1169 763 1238 *voluptati
778 1169 963 1238 indulgebant,
991 1168 1027 1220 illi
1049 1169 1134 1222 teneri
1158 1185 1190 1222 ac
1213 1170 1321 1222 iuvenes

351 1256 408 1308 visa
436 1255 579 1324 auditaque
604 1253 779 1306 imitabantur.
835 1252 934 1306 Audito
956 1252 1042 1306 arium
1070 1257 1148 1306 cantu
1178 1255 1320 1318 canobant3

353 1343 495 1409 conspecto
512 1335 701 1390 lascivientium
717 1336 927 1405 agnorumsaltu
949 1341 977 1387 et
996 1335 1048 1405 ipsi
1062 1335 1156 1388 leviter
1172 1335 1319 1402 saltabaut3

352 1423 415 1493 quin
444 1422 522 1474 etiam
545 1437 608 1490 apes
636 1419 832 1473 aemulabantur
860 1419 1011 1486 colligentes
1036 1418 1176 1484 flosculos,
1211 1435 1320 1490 quorum

351 1507 414 1560 alios
432 1506 530 1576 gremio
554 1505 719 1569 inserebant,
748 1504 812 1558 alios
837 1502 940 1556 coronis
965 1502 1081 1556 intextos
1098 1502 1229 1574 Nymphis
1252 1505 1319 1558 affe-

351 1593 453 1645 rebant.

417 1692 452 1748 Χ.
481 1693 646 1747 Coniunctim
673 1697 810 1763 pascentes
829 1693 913 1746 omnia
939 1693 1107 1746 communiter
1124 1694 1243 1762 agebant.
1278 1693 1318 1747 ut

349 1795 429 1848 saepe
445 1778 561 1848 Daphnis
579 1795 642 1830 oves
662 1780 812 1830 aberrantes
831 1779 956 1846 cogebat;
976 1794 1054 1848 saepe
1066 1777 1148 1830 Chloe
1165 1777 1319 1831 audaciores

350 1879 442 1932 capras
467 1879 483 1913 a
505 1861 653 1930 praeruptis
672 1861 794 1929 abigebat
809 1861 881 1913 locis.
922 1860 1002 1914 Nunc
1019 1862 1094 1926 alter,
1113 1861 1194 1913 altero
1212 1861 1319 1914 ludicris

349 1945 461 2008 intento,
479 1945 618 2014 utriusque
635 1945 723 2012 gregis
742 1945 887 1996 custodiam
903 1946 1007 2012 agebat.
1054 1945 1168 1997 Ludicra
1185 1951 1272 1998 autem
1288 1947 1319 1999 iis

349 2027 491 2099 pastoralia
521 2033 548 2079 et
569 2027 695 2096 puerilia:
725 2027 791 2080 haec
818 2029 892 2080 domo
921 2045 1040 2097 egressa,
1065 2029 1174 2082 sublatis
1201 2030 1320 2083 alicunde

349 2112 445 2182 spicis,
464 2112 594 2180 capsulam
610 2111 718 2163 locustis
737 2112 871 2180 captandis
895 2113 1018 2164 nectebat
1042 2119 1069 2165 et
1091 2119 1148 2166 tota
1168 2113 1195 2166 in
1218 2106 1268 2167 hae
1291 2132 1322 2168 re

349 2197 437 2250 ovium
455 2214 542 2248 curam
558 2196 662 2248 interim
680 2197 832 2260 omittebat3
858 2195 998 2264 illesam,
1024 2197 1116 2250 excisis
1134 2199 1257 2251 tenuibus
1275 2217 1321 2251 ca-

348 2281 420 2334 lamis
439 2285 466 2332 et
491 2280 630 2349 perforatis
655 2279 730 2332 nodis
754 2279 914 2349 iunctimque
929 2281 997 2332 inter
1015 2297 1044 2332 se
1060 2279 1129 2332 molli
1147 2299 1207 2333 cera
1224 2283 1321 2352 aptatis

350 2372 378 2420 et
402 2365 601 2434 conglutinatis,
624 2365 651 2417 in
676 2381 760 2418 seram
785 2371 888 2418 noctem
910 2365 998 2418 fistula
1016 2378 1117 2418 carmen
1135 2365 1321 2420 meditabatur.

349 2450 544 2519 Nonnunquam
566 2450 607 2501 lac
631 2455 658 2503 et
682 2450 770 2502 vinum
791 2449 860 2501 inter
876 2467 906 2501 se
923 2450 1145 2503 communicabant
1160 2451 1321 2521 victumque,

349 2553 425 2604 quem
443 2536 519 2589 domo
537 2534 700 2598 attulerant,
717 2533 745 2586 in
768 2551 901 2586 commune
924 2535 1106 2586 conferebant:
1134 2533 1211 2588 citios
1227 2535 1321 2605 aliquis

349 2621 436 2673 ovium
465 2637 496 2672 ac
526 2637 661 2689 caprarum
690 2635 786 2686 greges
815 2636 831 2670 a
858 2635 888 2671 se
915 2617 1027 2672 invicem
1056 2619 1212 2684 disiunctos,
1243 2637 1320 2690 quarn

349 2704 449 2757 Chloen
466 2709 547 2773 atque
562 2701 692 2772 Daphnim
706 2702 824 2756 vidisset.

414 2805 463 2858 XI.
493 2804 561 2874 Ipsis
584 2809 670 2856 autem
695 2803 734 2856 sio
758 2803 907 2856 ludentibus
924 2805 1003 2858 talem
1019 2807 1100 2857 Amor
1116 2796 1206 2860 irriecit
1223 2823 1318 2859 ornam.

348 2889 424 2956 Lupa
441 2888 569 2956 quaedam
584 2893 706 2939 recentes
731 2887 802 2938 alens
828 2888 929 2940 catulos
955 2889 1077 2957 proximis
1103 2909 1136 2942 ex
1152 2890 1220 2958 agris
1237 2891 1320 2944 multa

347 2987 426 3045 saepe
443 2970 562 3038 rapiebat
581 2971 614 3021 de
631 2969 687 3022 aliis
703 2970 836 3037 gregibus,
855 2971 926 3040 quod
942 2971 1064 3025 alimento
1083 2975 1188 3043 copioso
1205 2973 1238 3026 ad
1254 2991 1320 3028 suos

349 3053 449 3107 catulos
478 3053 644 3104 enutriendos
674 3070 738 3121 opus
767 3055 884 3108 haberet.
929 3058 1090 3126 congregati
1116 3059 1197 3127 igitar
1225 3059 1321 3128 pagani

348 3145 428 3191 noctu
445 3138 564 3190 scrobem
581 3135 725 3200 effodiunt,
743 3137 881 3191 latitudine
900 3139 975 3193 unius
992 3142 1081 3206 ulnae,
1099 3143 1237 3197 altitudine
1254 3160 1319 3212 qua-

347 3233 416 3276 tuor.
457 3221 496 3273 Et
519 3220 621 3272 humum
645 3221 756 3288 quidem'
775 3221 895 3278 effossam
922 3231 1003 3294 atque
1031 3235 1146 3296 egestam
1171 3228 1262 3281 maiori
1287 3246 1320 3280 ex

348 3313 423 3377 parte
446 3306 602 3378 dispergunt
627 3323 682 3358 eam
705 3307 795 3375 procul
819 3310 921 3361 a‘fossa
937 3319 1122 3377 removentes3
1145 3313 1217 3366 sicca
1233 3321 1321 3367 autem

346 3392 418 3460 ligna
440 3391 518 3459 longa
543 3407 621 3460 super
643 3392 739 3444 fossam
761 3392 925 3446 intendentes
955 3396 1140 3465 adsperserunt
1167 3397 1212 3450 illa
1239 3405 1321 3463 terra,

348 3493 414 3546 quaa
431 3479 468 3527 'ex
497 3476 545 3528 hao
561 3481 651 3543 egesta
669 3475 817 3545 effossaque
833 3480 992 3542 remanebat,
1010 3487 1039 3532 ut
1056 3480 1144 3532 similis
1163 3487 1233 3534 esset
1249 3483 1321 3534 fossa

348 3560 543 3632 pristinarum,
561 3565 643 3629 utque
660 3561 702 3613 vel
719 3561 802 3630 lepus,
820 3561 842 3614 si
859 3569 1042 3632 percurreret,
1060 3563 1112 3616 ista
1129 3566 1199 3633 ligna
1217 3565 1321 3635 stipulis

347 3646 411 3716 ipsis
439 3643 574 3712 fragiliora
593 3645 771 3712 confringeret
789 3651 869 3715 atque
886 3655 940 3700 tum
957 3649 1057 3700 faceret
1072 3648 1206 3713 indicium,
1222 3657 1320 3702 ternam

348 3747 399 3782 non
423 3743 497 3793 esse,
527 3729 574 3781 sed
601 3729 779 3780 tantummodo
802 3737 899 3782 terram
921 3732 1025 3784 imitari.
1072 3731 1164 3788 Multis
1184 3734 1212 3785 id
1235 3739 1320 3804 gen'us

350 3815 426 3868 fossis
444 3831 491 3885 per
507 3821 626 3875 montes,
652 3829 699 3880 per
723 3829 826 3883 campos
850 3815 953 3878 ductis,
976 3816 1061 3884 lupam
1080 3822 1166 3870 tamen
1182 3818 1319 3887 haudqua-
