2988 4718
315 459 318 468 ’
378 427 422 491 ’ίΒ
608 421 795 488 ΛΟΓΓΟΥ
821 419 1123 484 ΠΟΙΜΕΝΙΚΩΝ

320 603 370 654 126
444 596 496 658 66
521 597 630 658 Ταῦτα
650 596 708 656 τοῦ
729 588 892 676 Δάφνιδος
912 586 1095 672 λέγοντος”
1073 607 1210 696 ηκοασεν
1225 583 1242 650 6
1262 587 1348 652 Γνά-

377 684 449 744 θων
479 677 511 742 έν
538 684 583 765 τῷ
612 677 791 788 παραδείσω
820 671 1005 738 λανθάνων·
1041 675 1092 735 καί
1125 669 1232 780 καιρόν
1263 671 1347 780 ἥκειν

379 766 553 846 διαλλαγῶν
574 761 652 848 πρός
674 759 769 824 αὖτδν
772 739 929 866 νομίζων
937 757 1023 832 τινάς
1036 762 1099 822 τῶν
1120 781 1176 820 του
1162 755 1348 821 Ἆστόλοιι

377 849 545 914 νεανίσκων
572 845 807 955 προσλαβιόνγ
808 839 974 909 ιεταδιιόκει
1007 841 1062 906 τὸν
1096 839 1258 950 Δρύαντα.
1295 843 1348 904 και

377 931 521 1017 ἡγεῖσθαι
552 928 696 1006 κελεόσας
735 870 809 992 “έπλ
837 926 894 1010 τὴν
925 931 982 992 τοῦ
1014 923 1188 1034 Λάμπιδρς
1218 923 1347 989 επαυλιν
1358 938 1417 987 13⁵

378 1019 526 1083 συνέτεινε
555 1013 690 1101 δρόμον·
729 1015 779 1076 καὶ
801 1010 1032 1094 καταλαβών”
1010 1036 1093 1119 αρτι
1104 1007 1267 1094 εἰσάγοντα
1288 1010 1347 1120 την

377 1099 493 1208 Χλόην
509 1102 624 1182 ε’κείνην
644 1123 677 1164 τε
699 1097 875 1206 ἀφαιρεῖται
904 1100 955 1160 καί
984 1093 1173 1204 ἀνθρώπους
1192 1095 1349 1204 γεωργοὺς

378 1183 550 1294 σιγνηλόηρε
585 1190 725 1288 πληγαῖς.
773 1179 941 1260 ἐσπούδαζε
973 1182 1008 1246 δέ
1040 1183 1090 1244 καὶ
1122 1179 1178 1244 τόν
1208 1183 1348 1261 Λαμπιν

379 1268 529 1379 δήσρις”
507 1293 590 1376 αγειν
618 1294 660 1344 ως
688 1266 886 1375 αἲχμάλωτογ
914 1268 947 1330 ἐκ
974 1268 1110 1347 πολέμου
1132 1263 1231 1344 τινδς,
1254 1263 1347 1348 εἰμὴ

378 1353 534 1464 φθάρας
546 1353 676 1464 ἀπέδρα,
727 1349 937 1436 κατορθώσας
972 1352 1006 1415 δέ
1040 1349 1268 1460 τηλικοότον’
1257 1351 1348 1436 ε’ργον

376 1439 487 1516 νυκτὸς
515 1437 690 1544 ἀρχομένης
719 1437 927 1546 ἓγιανέρχεται.
965 1437 1016 1498 καὶ
1036 1434 1168 1516 τὸνμὲν
1188 1435 1348 1501 Διονυσο-

377 1522 480 1636 φάνην
502 1519 630 1608 εδρίσκει
645 1519 850 1630 καθεύδοντα,
872 1517 928 1586 τόν
935 1521 977 1584 δὲ
989 1517 1147 1606 Δάφνιν’
1129 1525 1348 1630 αγρνανρόντα

377 1611 427 1672 καὶ
456 1608 499 1674 ε’τι
528 1610 560 1672 έν
543 1615 632 1695 ντιῦ
653 1604 810 1694 περικὴπῳ
831 1601 1015 1692 δακρύοντα.
1052 1601 1206 1714 προσάγει
1228 1603 1324 1686 δὴ
1286 1629 1347 1686 την

376 1691 513 1800 Χλόην
518 1693 603 1779 αάτῷ
632 1695 683 1756 καὶ
715 1693 820 1767 διδοδς
841 1691 987 1774 διηγεῖται
1018 1686 1138 1754 πάντα·
1175 1691 1226 1751 καί
1248 1689 1347 1753 δεῖται

376 1776 522 1861 μηδίν”
502 1803 545 1842 ετι
574 1785 825 1870 μνησικακοῦντα
856 1777 968 1839 δοῦλον
990 1774 1052 1882 662
1078 1772 1236 1882 ἄχρηστον
1257 1773 1344 1856 εχειν,

376 1864 457 1969 μηδὲ
484 1851 673 1970 ἀφελέσθαι
687 1862 852 1972 τραπέζης,
881 1859 954 1942 μεθ’
985 1857 1025 1942 ἣν
1052 1856 1233 1966 τεθνηξεται
1255 1863 1347 1944 λιμῷ.

376 1944 393 2010 6
426 1947 460 2012 δέ
492 1943 567 2010 ίδεόν
588 1943 699 2027 Χλόην
729 1948 780 2008 καὶ
795 1944 880 2026 έχων
901 1945 933 2008 ἓν
953 1953 1023 2018 ταῖς
1033 1945 1163 2092 γερσὶ
1149 1939 1277 2025 Χλόην,
1300 1949 1346 2029 τῷ

374 2025 521 2176 μένλιός
518 2027 657 2128 εόεργέτη
679 2026 951 2114 διηλλάττετο,τῇ
972 2029 1006 2092 δέ
1025 2029 1103 2114 νπὲρ
1123 2033 1181 2111 τῆς
1201 2007 1347 2109 άμελείάς

376 2113 434 2178 ἀπε
455 2123 563 2197 ογεῖτο

440 2267 493 2330 8⁰
530 2266 774 2346 Βονλεαομένοις
812 2263 847 2371 δέ
882 2263 989 2341 αότοῒς
1024 2261 1120 2330 έδόκει
1154 2263 1210 2374 τόν
1245 2261 1348 2372 γάμον

318 2346 560 2458 126“166mew‚
595 2350 672 2432 ἔχειν
705 2350 739 2458 δέ
768 2346 872 2458 κρόφα
904 2346 961 2432 την
988 2346 1099 2458 Χλόην
1120 2349 1229 2474 πρὸς
1246 2375 1348 2432 μονην

376 2431 614 2544 όμολογησαγτα
634 2433 690 2499 τόν
712 2433 812 2519 έρωτα
833 2432 891 2538 τδγν
910 2433 1040 2544 μητέρα.
1063 2433 1172 2497 ἀλλἰ
1174 2433 1229 2499 ιοά
1252 2454 1410 2504 avve-136

372 2516 467 2629 χώρει
495 2515 620 2606 Δρόας,
653 2518 706 2602 ηξί
705 2543 741 2582 ον
768 2521 802 2584 δέ
830 2523 875 2603 τῷ
903 2521 997 2628 πριτρὶ
1017 2519 1120 2622 λέγειν
1151 2521 1202 2582 καλ
1232 2521 1345 2584 πείσειν

378 2599 474 2680 αάτδς
502 2607 708 2688 ἐπηγγέλλετο.
746 2605 797 2667 καὶ
816 2603 989 2710 γενομένης
1009 2599 1169 2690 ημέρας”
1148 2629 1226 2711 εγων
1253 2605 1287 2667 έν
1307 2611 1347 2690 τῇ

374 2685 1290 2884 ’ἱέιῖἶρτλέωλιλῖἶόιξρολε’ἷλτλάόέυιῖλφ“ἴλ.ἕῖἷ
1306 2695 1349 2837 6

375 2855 471 2920 καί
457 2883 473 2920 ο
498 2855 646 2932 Ἀστόλος
676 2859 727 2920 καὶ
758 2856 852 2931 οὗτός
880 2851 896 2919 6
926 2854 1104 2940 Δάφνις,),
1141 2860 1192 2920 καὶ
1228 2864 1349 2964 σιωπῆς
1430 2851 1435 2865 “

374 2941 538 3048 γενομένης
556 2939 680 3048 ηρξατο
694 2941 863 3044 λέγειν’»
852 2938 978 3022 »Ὁμοία
1005 2965 1044 3022 με
1067 2939 1185 3050 ἀνάγκη
1205 2939 1350 3022 Λάμωνι

374 3024 432 3132 τρὶ
460 3023 549 3106 μέχρι
579 3030 636 3086 νῦν
657 3023 779 3132 ἀρρητα
801 3025 936 3089 ἐκέλευσε
957 3025 1061 3134 λέγειν.
1094 3023 1207 3110 Χλόην
1226 3023 1348 3109 ταύτην

369 3106 463 3218 7066&
490 3105 636 3216 ἐγέννησα
666 3131 736 3172 οοτε
758 3108 939 3216 ἀνέθρεψα·
978 3107 1057 3172 ἀλλά
1098 3111 1261 3194 ἐγέννησαν
1287 3111 1349 3222 μέν

374 3191 494 3273 »ἀλλοι,
517 3192 655 3274 κειμένην
683 3193 717 3302 δέ
738 3190 819 3256 έν”
797 3219 855 3257 αντ
878 3213 903 3256 ω
924 3197 1071 3302 Νυμφων
1101 3192 1322 3304 ἀνέτρεφεν
1287 3221 1346 3270 οις.

374 3275 473 3342 ,είδον
500 3281 594 3342 τοῦτο
626 3275 721 3354 αδτδς
750 3279 848 3342 καλ’
837 3217 912 3344 ιδλόν
948 3277 1133 3390 ἐθαύμασα,
1170 3276 1348 3390 θριομάσας

374 3359 525 3472 ιεθρεψα.
547 3372 704 3448 μαρτυρεῖ
719 3363 777 3444 μέν
796 3361 904 3426 καί
870 3389 906 3430 το
928 3359 1094 3440 κάλλος,”
1074 3389 1150 3428 εοικε
1170 3363 1230 3451 γάρ
1253 3363 1348 3429 οὐδέν

373 3443 480 3531 ,ἡμῖν
525 3456 682 3533 μαρτυρεῖ
706 3448 813 3512 δὲκαὶ
834 3447 874 3514 τδ
894 3449 1109 3534 γνωρίσματα,
1130 3445 1347 3536 πλονσιιότερα

374 3731 406 3788 ἐν
425 3658 706 3786 Ἆὲἇσιὶιοςαότόνλί.
725 3665 848 3737 -prius
867 3663 963 3733 Χλόην
979 3684 1028 3722 om.
1047 3668 1079 3720 0.
1098 3667 1258 3728 alterumV
1276 3667 1347 3722 S.-

417 3733 589 3872 {⁰68
484 3818 588 3870 πείσειν
605 3811 690 3870 αὐτόν
707 3814 736 3869 S.
