2988 4718
421 381 579 445 ΛΟΓΟΣ
607 383 848 456 ΊἘΤΑΡΤΟΣ
1073 392 1117 454 60

145 547 381 660 προσδραμών·
420 542 485 655 εἶτα
507 548 638 616 ὄπισθεν
659 563 830 704 παρασχεῖν
850 561 992 662 roao6ror
1022 553 1117 624 “066
1129 572 1177 620 109

145 659 181 699 ιιι
205 631 286 717 αἶγες
315 642 382 706 τοῖς
409 631 639 718 τράγοις.τοῦ
661 637 695 700 δὲ
714 639 856 745 βραδέως
876 641 1047 748 νοήσαντος
1067 645 1118 705 καὶ

146 719 300 802 λέγοντος,
322 713 382 792 ῶς
404 716 495 801 αἶγας
513 720 572 800 μὲν
591 723 710 801 βαίνειν
731 721 873 807 τράγους,
897 723 1008 790 καλόν
1041 724 1119 836 τρά-

145 827 230 912 γον
250 803 283 866 66
312 801 399 866 οόιιω
429 803 506 868 ποτέ
529 829 576 879 τις
606 802 666 868 ειδε
697 810 848 888 βαίνοντα
878 807 1010 918 τράγον,
1047 811 1120 876 0666

147 887 252 973 κριόν
279 887 347 951 ἀντὶ
375 893 439 952 τῶν
463 891 541 952 οίῶν
572 887 674 997 κριόν,
709 892 783 957 6666
816 893 1070 1003 ἀλεκτρυόνας’
1051 891 1119 960 αντὶ

79 1001 162 1050 118
168 979 229 1038 τῶν
252 973 484 1081 ’(ἀλεκτορίδων
506 971 732 1060 ἀλεκτρυόνας,
752 975 817 1053 οίός
837 1004 871 1044 τε
891 973 931 1062 ἦν
952 977 1120 1045 όΓνάθων

146 1055 315 1139 βιάζεσθαι
337 1057 395 1132 τὰς
397 1068 520 1164 χεῖρας
539 1060 747 1166 προσφέρων
785 1061 859 1128 666
879 1063 1086 1145 μεθόοντα”
1064 1089 1120 1128 αν-

146 1148 282 1251 θρωπον
310 1144 361 1206 καὶ
392 1139 512 1250 ἑστῶτα
541 1141 631 1226 μόλις
659 1144 884 1254 παρωσάμενος
900 1148 1047 1255 ἔσφηλεν
1079 1152 1121 1224 είς

146 1226 207 1309 τήν
242 1233 308 1312 γῆν,
346 1228 407 1304 καὶ,
445 1227 547 1336 ῶσπερ
585 1227 702 1304 σκόλαξ
735 1230 947 1317 ἀποδραμῶν,
984 1235 1121 1314 κείμενον

146 1313 317 1389 κατέλιπεν,
341 1310 511 1397 ἀνδρδς’
476 1337 513 1376 ου
535 1314 646 1390 παιδὸς
629 1313 745 1424 πρὸς
748 1319 951 1426 χειραγωγίαν
966 1316 1119 1430 δεόμενον.

147 1399 202 1460 καὶ
223 1397 322 1462 οὐκέτι
344 1399 502 1482 προσίετο
509 1396 599 1478 ὅλως,
621 1399 701 1462 ἀλλα
723 1399 833 1466 ἀλλοτε
855 1402 934 1487 ἀλλη
955 1401 1012 1479 τάς
1033 1400 1121 1507 αι’γας

148 1481 252 1562 ἔνεμεν
279 1483 392 1546 ἐκεῒνον
418 1483 476 1563 μὲν
505 1481 643 1589 φεύγων,
671 1483 782 1567 Χλόην
803 1487 837 1550 66
857 1491 990 1595 τηρῶν.
1008 1485 1119 1594 66666

147 1569 183 1631 Γ
179 1564 337 1634 ναθων
318 1591 360 1630 ετι
391 1564 613 1678 περιειργάζετο
650 1570 847 1650 καταμαθὼν
879 1568 922 1646 ῶς
955 1571 992 1635 66
1022 1568 1120 1680 μόνρν

148 1648 264 1728 καλός,
302 1649 380 1714 ἀλλά
413 1653 463 1714 καὶ
493 1650 664 1760 ἰσχυρός
650 1677 741 1718 εστιν.
779 1653 914 1764 ἐπετήρει
949 1657 982 1719 66
1014 1656 1120 1740 καιρὸν

149 1737 353 1817 διαλεχθῆναι
373 1738 459 1846 περὶ
464 1736 561 1801 αὐτοῦ
582 1762 626 1824 την
611 1735 783 1826 Αστόλῳ
805 1740 856 1802 καὶ
893 1737 996 1822 ἤλπιζε
983 1739 1120 1848 εδῶρον

151 1819 249 1884 αὐτόν
278 1819 351 1895 εξειν
376 1820 462 1901 παρά
498 1827 555 1886 τοῦ
585 1802 745 1888 νεανίσκου
764 1801 879 1886 πολλὰ
914 1826 964 1886 καὶ
997 1828 1118 1908 μεγαλα

144 1907 342 2013 χαρίζεσθαι
355 1907 513 1982 θέλοντος.

214 1995 264 2054 13
297 1987 375 2055 Τότε
404 1992 462 2072 μὲν
490 1983 544 2054 οάν
567 1991 623 2055 οὐκ
651 1987 817 2075 ήδυνήθη·
855 1986 985 2104 προσήει
1006 1989 1118 2141 γὰρ
1103 2019 1119 2057 ο

148 2073 440 2184 Διονυσοφάνης
420 2100 486 2155 αμα
519 2081 556 2160 τῇ
588 2079 780 2184 Κλεαρίστῃ,
818 2080 868 2140 καὶ
904 2071 944 2160 ήν
979 2076 1122 2188 θόρυβος

88 2203 92 2210 ,
147 2157 247 2234 πολδς
267 2165 402 2242 κτηνῶν,
426 2101 565 2238 6616,
587 2161 725 2272 ἀνδρῶν,
748 2169 910 2244 γυναικῶν.
950 2162 1054 2270 ζ’μετά
1085 2163 1179 2233 66110

146 2251 242 2308 τοῦτο
274 2245 436 2308 συνέταττε
468 2242 559 2328 λόγον
588 2248 638 2307 καὶ
668 2246 819 2354 ἐρωτικὸν
841 2249 891 2309 καὶ
913 2245 1044 2331 μακρόν.
1082 2239 1121 2328 ἦν

148 2325 221 2392 666
244 2326 488 2440 Διονυσοφάνης
507 2327 707 2410 μεσαιπόλιος
726 2331 784 2411 μὲν
804 2327 875 2438 666,
897 2331 993 2414 μέγας
1012 2332 1049 2412 66
1070 2334 1120 2393 καὶ

147 2412 244 2488 καλός
265 2415 315 2476 καὶ
337 2415 507 2533 μειρακίοις
528 2411 723 2512 ἁμιλλᾶσθαι
746 2413 932 2520 δυνάμενος,
966 2403 1047 2478 ἀλλά
1069 2418 1119 2478 καὶ

87 2495 298 2572 119νιλοάσιος
325 2499 400 2559 zv‘
404 2498 532 2603 (ὀλίγοις
562 2500 612 2559 καὶ
624 2498 780 2606 χρηστός
812 2496 854 2572 ῶς
881 2499 981 2573 οὐδεὶς
1007 2499 1119 2604 ἕτερος.

146 2573 241 2656 οὗτος
269 2579 373 2643 ἐλθών
402 2587 441 2664 τῆ
462 2581 570 2666 πρώτη
591 2582 649 2688 μὲν
670 2577 774 2692 ήμίρα
791 2585 879 2656 θεοῖς
899 2581 1070 2660 {666⁰
1053 2605 1121 2646 οσοι

146 2669 338 2778 πρρεστάσιν
360 2663 533 2774 ἀγροικίας,
555 2663 701 2748 Δήμητρι
725 2691 775 2727 και
767 2664 943 2752 Διονόσιρ
965 2669 1015 2728 καὶ
1036 2669 1122 2730 Πανὶ

148 2755 198 2814 καὶ
229 2745 385 2833 Νύμφαις
414 2750 464 2810 καὶ
494 2749 595 2812 κοινόν
626 2756 703 2812 πᾶσι
732 2757 799 2824 τοΐς
827 2757 980 2835 παροῦσιν
1013 2751 1122 2834 ἔστησε

147 2840 307 2943 κρατῆρα,
347 2842 417 2908 ταῖς
449 2832 483 2896 δὲ
518 2831 626 2909 ἀλλαις
647 2830 780 2943 ήμίραις
807 2835 965 2898 ἐπεσκόπει
993 2835 1034 2900 τά
1064 2843 1121 2900 τοῦ

148 2919 313 3002 Δάμωνος
334 2917 418 3065 ἔργα.
442 2921 493 2980 καὶ
516 2915 598 3002 ὁρῶν
619 2918 659 3028 τρὶ
679 2919 737 3000 μὲν
758 2919 848 2982 πεδίοι
869 2919 901 2983 ἓν
922 2917 1042 3000 αάλακι,
1064 2919 1123 2996 τάς

151 3005 184 3069 66
171 2947 364 3086 ἒάμπίλους
385 2999 588 3084 ίνκλήματι,
612 3002 667 3068 τόν
688 3003 723 3067 66
734 2999 933 3151 παράδεισον
954 3005 986 3068 ἓν
1007 3003 1121 3082 κάλλει,

152 3093 232 3196 (περὶ
253 3089 313 3174 γάρ
335 3094 397 3151 τῶν
420 3087 529 3152 ἀνθῶν
546 3085 742 3164 Ἀστύλος
706 3115 764 3172 την
779 3091 844 3152 αιτί
841 3115 880 3166 αν
894 3087 1121 3197 ἀνελάμβανεν)

152 3173 241 3281 ήδετο
263 3179 413 3260 περιττῶς
433 3172 538 3235 καὶ
505 3199 560 3237 τον
581 3171 731 3254 Λάμωνα
760 3171 859 3282 ἐπῄνει
882 3177 933 3236 καλ
956 3172 1120 3284 ἐλεύθερον

153 3256 282 3366 ἀφήσειν
311 3257 516 3365 ἐπηγγέλλετο.
554 3263 693 3365 κατῆλθε
723 3257 803 3338 μετὰ
825 3263 926 3321 ταῦτα
948 3260 998 3321 καὶ
1021 3256 1117 3334 είς
1082 3283 1119 3322 το

154 3341 292 3407 αἰπόλιον
312 3339 370 3416 τάς
390 3365 422 3404 τε
445 3339 570 3452 αίγας’
554 3339 712 3423 οψόμενος
733 3344 783 3404 καὶ
804 3340 861 3405 τὸν
882 3342 1025 3422 νέμοντα.

215 3431 266 3490 14.
299 3421 390 3507 Χλόη
419 3425 477 3506 μὲν
513 3419 568 3490 οὖν
603 3430 646 3502 εἰς
680 3425 737 3508 τήν
772 3423 897 3508 άλην’
880 3427 996 3530 ε’φυγεν
1028 3425 1120 3535 6606

154 3514 302 3615 τοσοῦτον
335 3511 516 3576 αῖδεσθεΐσα
551 3511 602 3574 καὶ
637 3514 827 3596 φοβηθεῖσα,
876 3503 892 3574 6
929 3511 963 3574 66
996 3508 1139 3596 Δάφνις

204 3707 376 3792 προδραμὼν
387 3729 434 3832 ριο
446 3709 636 3795 προσδραμὼν
646 3714 714 3766 Vs·-
723 3716 877 3782 παροοχειν
893 3711 980 3767 ἐδεῖτο
998 3716 1121 3766 τοιοῦτον

159 3781 189 3835 V.
206 3781 234 3833 S.
253 3780 339 3832 G.-
305 3787 392 3832 -κα
422 3789 483 3834 τωο
499 3777 591 3832 οὐκέτι
607 3797 657 3834 σοι.
674 3782 707 3833 V.
