2978 4718
318 1265 551 1350 alana
599 1269 930 1386 nanrrns

523 1485 725 1498 -n—n—-u-

205 1606 231 1667 Ἰ,
263 1590 431 1678 Mytilenaei
446 1583 518 1664 re'ro*
534 1607 565 1666 ut
590 1607 710 1664 hostilem
725 1607 826 1664 illarum
837 1609 927 1664 decem
942 1612 1046 1664 narium
1062 1625 1111 1681 ap-

137 1691 245 1762 pulsum
260 1693 423 1747 resciverunt
439 1701 521 1765 atque
536 1695 600 1766 ipsis
618 1689 742 1760 nonnulli,
762 1695 806 1765 qui
824 1713 856 1748 ex
874 1694 943 1762 agria
961 1695 1111 1757 veniebant,

21 1781 29 1792 ‘
139 1777 335 1846 populationem
350 1778 427 1832 istam
444 1775 642 1844 indicaverunt,
665 1779 798 1849 indignum
815 1775 871 1842 frati
889 1795 904 1831 a
919 1773 1112 1846 Methymnaeis
1176 1801 1179 1810 ¹

138 1861 193 1913 ista
210 1859 267 1930 pati
282 1869 379 1930 quanta
394 1861 452 1914 fleri
462 1867 552 1932 posset
564 1861 699 1916 celeritate
709 1861 819 1916 maxima
830 1861 956 1916 adversus
967 1861 1025 1914 illos
1043 1875 1113 1913 anna

138 1955 248 1998 movere
264 1943 447 2001 decreverunt.
469 1945 508 1999 Et
526 1947 682 2018 conscriptis
699 1946 784 2000 tribus
802 1945 981 2016 clypeatorum
993 1945 1113 2008 millibus,

137 2024 274 2098 equitibus
286 2027 444 2099 quingentis,
462 2029 587 2084 noberunt
597 2035 669 2084 terra
680 2043 755 2084 suum
765 2029 946 2110 inperatorem
958 2029 1112 2100 Hippason,
1219 2032 1223 2040 '

137 2113 260 2184 ternpore
278 2110 385 2168 hiberno
401 2114 479 2167 maris
496 2111 573 2167 iidem
589 2117 692 2168 tentare
708 2129 761 2168 non
778 2114 843 2174 aust.

206 2191 244 2249 Il.
278 2193 331 2250 iiic
349 2197 432 2266 igitur
448 2192 614 2268 expeditione
629 2204 754 2268 suscepta
771 2213 849 2267 agros
868 2193 1114 2266 Methymnaeorum

76 2329 81 2334 .
136 2275 341 2352 haudquaquam
366 2281 574 2352 depopulabatur
599 2281 650 2334 'nec
683 2297 778 2351 greges
809 2287 855 2334 aut
876 2283 947 2334 bona
972 2281 1114 2351 diripiebat

134 2361 314 2436 agricolarum
332 2373 413 2436 atqua
434 2372 582 2436 pastorum,
609 2371 683 2418 ratus
699 2365 813 2430 seilicet,
838 2365 866 2420 ld
891 2363 979 2435 potius
1003 2359 1111 2428 latronis

135 2465 217 2523 quarn
234 2447 311 2505 ducis
328 2465 401 2504 esses
419 2451 467 2504 sed
481 2447 550 2508 illico
569 2449 750 2508 sutietatem
765 2449 847 2520 ipsam
866 2447 1008 2503 festmabat
1029 2449 1113 2502 veluti

133 2539 229 2608 portas
246 2529 331 2588 rnlnm
348 2531 493 2586 custoditas
509 2533 656 2586 invasurus.
699 2531 795 2586 Verum
810 2531 856 2597 ilii,
875 2549 933 2606 cunr
947 2539 1049 2594 centurn
1061 2532 1115 2584 cir-

134 2619 205 2673 uiter
222 2601 311 2672 stadia
345 2617 449 2670 abesset
464 2618 496 2669 ab
513 2615 589 2680 urbe,
604 2613 723 2668 inducias
739 2615 853 2669 offerens
874 2607 989 2668 occurrit
1012 2629 1116 2685 praeco.

134 2701 287 2772 Postquam
304 2697 373 2753 enirn
388 2696 673 2768 Methymnaeledoctl
691 2699 798 2753 lueres
816 2697 936 2771 captiuis,
955 2699 1044 2752 insciis
1061 2717 1116 2757 onr-

139 2789 204 2844 nino
223 2781 392 2854 Mytilenaeis
412 2781 478 2836 baec
495 2781 579 2838 omnia
596 2783 722 2838 accidisse
745 2783 926 2856 agricolaeque
943 2790 971 2838 et
996 2791 1117 2854 pastores

136 2869 166 2924 ln
185 2867 367 2923 adolescentes
385 2866 585 2920 contumeliosos
601 2867 711 2922 istorum
727 2867 870 2922 facinorum
888 2873 1010 2922 auctores
1025 2867 1116 2935 luisse,

137 2949 230 3009 statim
243 2965 289 3005 eos
300 2949 431 3023 poenituit
442 2951 506 3005 iacti
517 2949 723 3023 praecipitanter
736 2953 818 3024 magis
835 2953 878 3006 vel
891 2953 1026 3019 atrociter,
1039 2973 1116 3025 quam

138 3033 301 3110 prudenter,
325 3043 417 3092 contra
434 3035 547 3090 uoluam
563 3039 655 3092 urbem
672 3037 796 3108 suscepti
830 3035 862 3090 Id
876 3043 964 3091 autem
980 3045 1116 3108 praestare

139 3135 239 3178 summa
256 3139 315 3176 cum
332 3137 396 3175 cura
411 3117 580 3185 festinabant,
596 3125 641 3187 ut,
659 3119 781 3176 umversa
797 3119 922 3176 restituta
938 3121 1038 3191 rapina,
1055 3127 1115 3182 tuto

141 3211 196 3266 som
218 3206 283 3261 mari
305 3220 383 3278 qnam
405 3210 476 3259 terra
499 3205 653 3260 commercia
676 3211 871 3260 exercerentur.
907 3205 1116 3258 eaduceatoren

138 3287 231 3364 ltaque
241 3289 319 3345 latum
334 3289 369 3343 ad
383 3287 558 3360 Mytilenaeas
568 3286 701 3360 Hippasus
711 3289 807 3355 mittit,
844 3305 997 3360 quamquam
1006 3287 1118 3358 inpera-

141 3381 187 3430 tor
203 3373 266 3432 belli
282 3389 395 3430 summus
418 3379 522 3428 creatus
538 3389 588 3444 pro
611 3373 720 3426 arbitrio
737 3373 872 3426 statuendi
894 3379 1051 3444 potestatem
1069 3371 1117 3426 lra-

143 3457 210 3516 buit.
245 3457 307 3530 Ipse
323 3477 341 3512 a
355 3454 509 3527 Methymna
531 3457 675 3510 addacem
698 3453 783 3508 stadia
806 3460 892 3508 castm
911 3461 1024 3508 metatus
1042 3473 1115 3509 man-

141 3546 205 3600 data
221 3545 255 3598 ab
278 3545 410 3597 urbasus
432 3540 652 3612 praestolabatur.
667 3595 669 3600 ,
686 3539 771 3592 Biduo
788 3538 927 3592 interiecto
944 3539 1049 3593 nuntius
1066 3539 1113 3593 ad·

139 3629 249 3684 veniens
271 3624 342 3682 illurn
359 3623 482 3698 praedam
503 3621 622 3695 resipere
646 3627 673 3678 et
696 3623 766 3677 nulla
786 3621 837 3680 illis
857 3619 952 3677 iniuria
972 3623 1044 3676 illata
1061 3625 1111 3677 do-

139 3727 210 3770 mum
233 3709 321 3767 redire
341 3705 433 3774 iusslt;
458 3723 518 3762 nam
540 3723 599 3761 cunr
618 3707 722 3764 iliorum
745 3711 817 3761 esset
834 3705 937 3761 arbitrii
953 3721 1044 3780 paoem
1061 3705 1108 3761 eli·

142 3811 208 3870 gere
223 3797 271 3853 aut
281 3791 400 3859 'odom
417 3805 508 3864 pacem
523 3789 653 3870 utiliorem
667 3807 729 3846 esse
743 3789 920 3846 inveniebant.
