2922 4720
360 384 436 446 LIB.
460 383 494 444 ΙΙ.
545 383 630 446 ΟΔΡ.
650 383 725 444 XIX.
748 385 810 444 XX.
936 377 939 384 ⁴
1009 377 1080 456 283·

104 565 152 618 pro
169 549 249 612 bello,
266 550 338 618 quod
356 565 372 601 a
388 565 520 620 praecone
542 565 590 608 sen
606 550 779 602 caduceatore
799 545 924 600 indictum
945 562 997 598 non
1023 549 1071 596 ast.

103 631 262 701 Saepissime
280 639 366 686 autem
381 629 504 701 πόλεμος
526 627 675 701 ἀκήρυκτος
697 631 815 701 iungitur
839 647 896 684 cnm
919 621 1071 694 ἄσπονδος,

102 723 135 768 nt
153 717 223 785 apud
240 716 375 770 Demosth.
395 717 429 769 de
445 717 507 768 Gor.
526 735 552 786 p.
563 720 623 780 314,
641 721 683 768 16.
700 715 734 768 R.
759 715 827 785 apud
844 712 963 766 Acachia.
981 731 1004 767 c.
1023 711 1072 763 Ti-

103 799 199 850 march.
217 815 243 867 p.
256 803 298 852 33.
315 807 343 850 et
358 804 400 852 38.
419 799 512 869 Steph.
531 800 601 869 apud
618 799 726 852 Lucian
743 798 770 850 in
786 797 884 850 Piscat.
906 802 926 848 t.
938 797 960 850 1.
976 813 1001 866 p.
1013 800 1072 850 633.

104 882 139 947 [c.
151 885 193 934 36.
210 881 256 933 ubi
272 899 297 934 v.
319 883 488 949 clenodiis]
506 877 637 934 ἄσπονδα
649 881 696 934 καὶ
714 877 851 946 ἀκήρυκτοι
872 875 969 934 πάντα.
997 879 1074 932 'l'uuo

102 964 233 1032 siguificat
250 965 345 1019 bellum
362 964 537 1034 implacabil03
558 965 592 1018 de
609 982 660 1036 quo
678 983 705 1018 v.
722 966 841 1018 Abrescit.
858 962 959 1016 Dilucc.
973 964 1073 1015 Thucc.

102 1068 128 1118 p.
140 1054 199 1102 656.
216 1050 296 1101 Vina.
314 1068 340 1118 p.
355 1054 412 1103 119.
675 1047 680 1055 “

126 1183 128 1189 .
171 1134 289 1200 πλησίον
299 1131 364 1205 γὰρ]
381 1131 435 1204 γὰρ
454 1153 503 1188 om.
521 1135 595 1190 Part.
612 1133 686 1187 Flor-
704 1147 769 1192 ΑΒ.
781 1125 851 1188 vul.
870 1134 951 1186 Cour.

173 1215 224 1270 οὐκ
241 1206 275 1284 ἦν
292 1215 432 1286 ἀσφαλὲς]
458 1219 536 1282 Quod
562 1219 589 1270 in
606 1219 665 1272 edd.
682 1217 757 1272 Parc.
769 1217 791 1270 1.
808 1223 835 1270 et
854 1217 890 1270 II.
911 1213 1023 1267 Bodeuii
1046 1221 1075 1264 et

102 1301 225 1353 senuero
240 1300 351 1368 legitur:
370 1289 618 1369 οικεσφαεςῆν,
642 1302 670 1354 ει
694 1303 764 1354 mua
785 1301 878 1354 utitur
904 1297 1071 1352 auctoritate.

102 1384 178 1438 Peru.
198 1383 274 1436 oodd.
293 1387 321 1434 et
345 1382 404 1434 edd.
420 1383 489 1436 lunt.
509 1384 605 1437 Consu.
628 1391 656 1438 et
672 1385 748 1454 dung.
765 1385 888 1438 omittunt
902 1371 947 1449 ἦν.

466 1507 709 1582 cin.xx

171 1629 335 1708 aristotton]
367 1636 455 1705 Vulgo
483 1635 632 1705 ἀνιερέιης,
650 1637 721 1707 quod
750 1641 919 1690 correxerunt
935 1637 1016 1690 Huet.
1045 1642 1072 1688 et

101 1718 232 1786 langaran.
250 1735 319 1787 quae
336 1720 481 1772 emendatio
498 1727 591 1789 postea
609 1737 625 1772 a
642 1720 725 1784 libris,
744 1720 817 1772 Part.
837 1723 864 1771 et
881 1720 943 1773 fort.
961 1722 995 1774 ab
1006 1733 1072 1778 AB.

103 1809 144 1856 eat
160 1804 477 1859 firmata--Mollius
493 1821 557 1858 vere
569 1804 721 1858 observavit
738 1804 806 1873 apud
819 1803 893 1856 Suid.
912 1810 939 1857 et
949 1803 1072 1874 Eustath.

103 1888 142 1954 [et
160 1889 304 1942 cremona
322 1907 363 1960 up.
380 1889 463 1944 Bekk.
481 1908 508 1959 p.
528 1893 589 1953 434,
606 1889 660 1957 13]
679 1885 823 1958 αὐιερέτας
839 1905 896 1941 ecoe
913 1884 975 1947 τούς
993 1885 1073 1940 έλαύ-

100 1988 201 2030 νονιας
221 1973 268 2024 καὶ
282 1975 474 2044 μαχομένους,
508 1971 572 2033 τούς
590 1969 690 2031 αὐτούς
708 1973 756 2024 καὶ
773 1971 866 2040 ἐρέτας
884 1972 931 2024 καὶ
952 1967 1070 2033 ὁπλίτας.

101 2055 189 2107 Thiae.
205 2056 254 2110 LI.
272 2073 333 2127 pag.
346 2063 387 2124 10,
400 2062 442 2110 16.
461 2057 561 2125 [o.10.]
587 2053 728 2126 ούτερέιαι
746 2051 789 2109 ὅτι
806 2044 940 2123 ἧοανκαὶ
948 2053 1071 2129 μάχιμοι

101 2135 204 2199 πάντες
215 2140 245 2193 ἔν
253 2147 312 2201 ταῖς
324 2142 493 2208 alutona-rison
505 2145 594 2195 ναυσί.
630 2141 668 2194 Et
684 2141 761 2195 1.v1.
787 2141 820 2210 [c
832 2143 886 2209 91.]
908 2159 933 2210 p.
951 2146 1012 2207 431,
1028 2147 1070 2194 ol.

102 2223 198 2282 οἵτινες
209 2221 346 2296 αύιερέται
357 2229 537 2298 κομισθέντες
555 2225 603 2277 καὶ
619 2220 830 2279 ὃιιλιτεύσουοιν
847 2222 938 2285 εὐθύς.
973 2225 1071 2278 confer

102 2307 218 2361 eumdem
236 2315 263 2362 at
284 2311 300 2362 l.
321 2311 372 2374 ΠΙ,
389 2313 448 2374 178,
469 2315 510 2362 38.
535 2309 639 2363 Haliod.
659 2309 675 2360 l.
688 2309 723 2360 11.
741 2325 800 2378 pag.
813 2313 855 2362 33.
874 2306 1014 2378 αύτερέται
1024 2307 1072 2362 τὸν

100 2392 191 2446 πλοῦν
201 2388 339 2452 ἀνύοντες.
355 2395 436 2446 Vlnn.
454 2411 479 2463 p.
493 2399 550 2446 120.
564 2419 597 2434 ·-
608 2392 732 2445 Adoneus
751 2392 833 2462 epigr.
852 2393 885 2445 V.
903 2389 951 2446 τὸν
962 2389 1071 2464 ἀμείλι-

99 2493 154 2544 χον
164 2467 223 2532 ἷκτο
235 2472 404 2546 πρύςἍιδην
415 2474 566 2543 αὐιερέιης.
600 2475 725 2528 Musaeus
742 2494 768 2528 v.
788 2481 846 2530 333.
872 2477 953 2530 forma
971 2479 1070 2530 solutas

100 2558 192 2618 Αὐτὸς
207 2556 262 2634 lxiv
281 2559 378 2629 ἐρέτης.
413 2562 532 2612 Sonus.
550 2573 610 2628 pag.
622 2563 681 2612 363.
704 2563 784 2626 Τοιιρ.
803 2557 912 2611 Ruuend
930 2565 951 2612 t.
968 2559 1017 2613 ΙΙΙ.
1043 2578 1070 2630 p.

98 2650 160 2698 294.
180 2647 202 2695 t.
214 2643 262 2695 lv.
281 2661 298 2713 p
321 2647 380 2696 224.
398 2643 518 2696 Seuius.
537 2657 614 2694 usco.

170 2728 276 2780 καὶτοῦ
287 2720 446 2796 Δάφνιδος]
464 2727 525 2779 Vili.
544 2725 654 2780 coniecit
671 2727 718 2778 καὶ
730 2730 787 2786 τοῖς
797 2730 845 2779 τοῦ
856 2721 1009 2795 Δάφνιδος.

133 2877 141 2890 ⁴
167 2811 257 2879 istor]
275 2811 307 2862 In
324 2810 386 2864 Ura.
404 2810 470 2863 cod.
491 2817 532 2862 est
549 2811 599 2864 hoc
615 2811 749 2864 scholium
767 2810 947 2882 εῖμένέιῑαβε
958 2807 989 2864 τὸ
1001 2812 1073 2862 ΛΕΙ

101 2896 274 2966 δίφθογγον,
292 2895 317 2948 εὶ
327 2891 408 2967 δὲμὴ
420 2895 495 2948 ἰῶτα.
513 2895 635 2948 Connus.

167 2978 228 3048 ἔχοι
238 2979 287 3032 τοῦ
294 2979 446 3048 χειμῶνος]
463 2978 615 3050 Legebatur
631 2978 658 3030 iu
677 2979 736 3030 edd.
755 2979 908 3048 quibusdam
918 2979 1005 3033 nescio
1018 2999 1070 3052 qua

101 3064 272 3118 auctoritatez
289 3058 338 3129 τὴν
349 3066 398 3116 τοῦ
405 3078 482 3133 χειμ.
527 3062 582 3115 Sed
599 3061 674 3116 abest
690 3059 739 3128 τὴν
755 3081 770 3116 a
785 3065 859 3117 Parc.
877 3075 940 3122 AB.
959 3067 991 3119 ab
1009 3067 1068 3118 edd.

102 3147 371 3216 Commel.1ungerm.
404 3147 506 3200 Rursus
529 3146 685 3217 expulerunt
705 3147 819 3202 Bruuek.
839 3148 902 3202 (ior.
920 3153 948 3200 et
964 3149 1069 3202 Schaef.
1136 3173 1138 3178 v

102 3233 184 3286 luutz
201 3234 248 3284 τοῦ
261 3233 310 3283 τοῦ
318 3248 347 3300 χ.

169 3314 249 3384 ὥστε]
267 3315 331 3368 Ura.
346 3332 413 3368 unua
430 3320 457 3368 et
474 3315 579 3384 Amyot.
598 3313 644 3364 καὶ
656 3307 734 3367 ὥστε.
769 3313 844 3366 Alter
871 3313 931 3367 Ura.
956 3321 986 3368 ut
1004 3324 1067 3372 cett.

103 3399 178 3453 codd.
197 3416 246 3451 om.
263 3400 318 3449 καί.

169 3482 264 3549 κοίλῳ]
282 3480 335 3534 Est
352 3479 496 3532 emendatio
512 3479 599 3532 Koen.
617 3479 651 3532 ad
668 3478 752 3547 Greg.
769 3481 830 3533 Cor.
855 3497 881 3549 p.
899 3485 939 3535 13.
964 3484 1068 3538 Setuci.

103 3565 175 3620 Ono.
195 3565 272 3616 codd.
290 3569 317 3616 at
334 3563 393 3616 edd.
412 3556 490 3628 ξύλῳ.

169 3641 349 3716 καταφεύγει]
367 3645 495 3700 Restituit
509 3646 609 3700 Boden.
628 3663 662 3702 ex
678 3645 739 3702 Urs.
774 3647 820 3702 Sic
836 3648 913 3705 etiam
929 3663 993 3710 an.
1020 3657 1067 3705 xci

104 3729 202 3804 φεύγει
218 3733 312 3787 Paul.
325 3731 360 3784 11.
395 3730 498 3800 Vulgos
516 3727 621 3800 φεύγει.
