2920 4730
309 387 841 454 ure.1u.cue.xm.=xrv.xv.
992 383 1059 450 eoo
1145 471 1150 486 ι

154 556 310 632 φεύγουσιν
320 556 371 628 ἔτι]
391 557 439 614 Sic
454 555 519 610 Urs.
534 567 569 614 Δ.
593 550 827 626 compostum.
849 555 930 610 Cour.
955 554 1059 624 Vulgo·
1138 541 1148 578 ⁴·

81 645 126 701 ἔτι
138 639 303 716 φεύγουσιν.

158 726 379 800 σνννίμονττως]
395 725 575 794 Schaet'enem,
594 723 639 796 qui
650 729 712 796 post
728 725 795 782 hono
806 742 899 780 vocem
910 723 1059 796 iuterroga-

84 813 167 868 tionis
184 812 287 882 signum
303 810 452 876 collocavit,
470 827 529 864 cum
545 809 673 864 Courerio
691 817 798 864 secutum
814 827 879 864 sum.

156 891 374 964 ἀπολαύσαντες]
392 895 438 947 Sic
448 907 477 952 A
487 895 557 964 opud
569 894 649 947 Cour.
660 893 688 946 in
698 893 831 964 Epistola,
848 894 973 965 quodque
984 911 1062 965 prue-

86 983 141 1036 tert
156 981 227 1034 idem
241 979 284 1034 vir
301 979 397 1033 doctus
413 977 522 1047 vulgato
543 971 737 1038 ἀπολαύοντες.

155 1060 187 1118 τὸ
198 1064 293 1135 ἔργον]
311 1064 411 1124 Boden.¹
429 1063 462 1118 ed
479 1062 546 1116 Aeh.
564 1060 628 1115 Tot.
645 1061 663 1116 1.
675 1061 697 1116 1.
720 1078 747 1132 p.
758 1066 802 1118 ⁵4.
827 1067 916 1117 monet
936 1063 1064 1118 Eroticos

87 1149 232 1220 scriptores
253 1148 338 1201 solere
355 1166 402 1218 per
419 1145 619 1215 euphemismum
642 1145 676 1198 de
692 1147 836 1200 concubitu
852 1148 920 1200 hunc
937 1165 998 1202 voc.
1016 1147 1065 1202 ed-

89 1235 189 1288 hibere.
223 1232 265 1286 Cf.
282 1239 311 1286 et
325 1234 467 1286 Hemeterit.
484 1230 519 1283 ed
534 1229 616 1284 Arist.
632 1229 703 1286 Plut.
726 1247 754 1300 p.
772 1234 832 1285 217.
855 1231 936 1286 Vns.
960 1249 987 1304 p.
1005 1237 1064 1286 lue.

92 1319 126 1374 V.
144 1321 239 1372 locobs.
259 1317 292 1370 ed
310 1317 376 1370 deb.
393 1316 457 1368 Tot.
474 1331 500 1384 p.
512 1317 573 1368 146.

160 1396 271 1468 πικρόν]
291 1401 377 1454 Recte
392 1399 493 1452 Bodeu.
513 1399 637 1452 observat
653 1396 695 1450 hic
713 1398 811 1467 respici
834 1398 869 1454 nd
893 1405 984 1456 uotum
999 1400 1066 1456 illud

91 1490 212 1560 veterum
229 1502 388 1553 oxymoron,
413 1481 484 1554 quod
501 1482 605 1550 saepius
622 1489 766 1552 usurpatur
783 1483 816 1536 de
833 1501 938 1550 umore,
961 1485 1007 1556 qui
1024 1487 1066 1547 di-,

92 1570 163 1624 citur
179 1562 364 1639 γλυκύπικρος
381 1585 397 1620 e
416 1565 513 1620 Nonuo
531 1565 608 1620 Dion.
626 1565 643 1618 l.
655 1566 742 1618 XLII.
758 1567 869 1620 Musaeo
884 1585 911 1620 τ.
924 1575 984 1624 166.
1005 1571 1066 1624 Μο-

91 1655 182 1724 leagro
199 1651 292 1706 LVII.
308 1651 415 1706 Anthol
431 1649 529 1706 Lesbis
545 1649 648 1720 poetria
665 1649 735 1720 opud
749 1651 894 1722 Hephaest
913 1660 968 1708 etc.
985 1653 1068 1710 vnn.

91 1741 229 1810 peg.18³.

164 1811 223 1876 εἶτα
234 1818 297 1890 οὐχ]
315 1819 361 1874 Sic
378 1818 459 1875 Cour.
477 1833 512 1872 ex
526 1828 592 1876 AB·
608 1816 697 1888 Vulgo
714 1810 760 1872 εἶτ’
775 1815 835 1887 οὐχ.

166 1905 216 1964 τὰς
226 1897 305 1974 αἶγας
321 1903 369 1957 καὶ
386 1896 450 1962 τοὺς
459 1895 577 1974 τράγους
587 1902 635 1956 καὶ
646 1899 709 1964 τοὺς
719 1898 812 1972 κριοί-ς
823 1903 871 1956 καὶ
882 1901 930 1964 τὰς
941 1897 996 1975 οἷς]
1021 1906 1068 1968 Sic

95 1991 189 2062 scripsi
208 2007 241 2041 ex
264 2002 301 2053 A,
325 1987 537 2057 quemadmodmn
562 1987 613 2039 ium
630 1988 733 2048 Selmef.
757 1987 886 2040 edendum
909 2007 969 2042 esse
993 1991 1069 2044 uide-

37 2111 38 2114 *
96 2081 148 2138 ret.
182 2075 262 2146 Cour.
280 2072 352 2144 quod
367 2071 395 2124 in
411 2061 501 2124 ordine
515 2070 616 2142 posuit,
648 2072 773 2142 quodque
807 2090 824 2124 n
842 2067 1005 2130 Genuenicie
1022 2095 1070 2130 ex-

96 2158 195 2230 pressit
218 2157 322 2210 Iucobe.
349 2155 418 2208 nulle
443 2155 562 2209 firmetur
580 2155 744 2217 ¹uuctoritute
761 2156 895 2210 librorum.
929 2159 1070 2228 Vulgetem

98 2243 207 2297 exhibet
232 2240 367 2295 Sclraeieri
384 2247 412 2292 et
429 2239 567 2292 Villoisoni
583 2246 688 2304 textus,
717 2240 763 2308 qui
783 2241 916 2309 posterior
932 2245 1015 2297 verbe
1031 2243 1071 2298 sie

100 2327 245 2382 ordinando
262 2341 319 2378 esse
336 2331 435 2388 censet,
453 2323 668 2392 quemadmodum
687 2323 769 2376 edidit
785 2325 866 2379 (leur.

168 2405 204 2462 σὺ
214 2405 241 2462 δ’
257 2406 318 2477 ἐμὲ]
336 2406 383 2460 Sic
401 2405 517 2458 correxit
533 2405 638 2460 Soheei.
656 2405 761 2473 Vulgus
779 2401 814 2458 σὺ
824 2406 912 2478 urps.
1018 2405 1020 2414 ’

168 2491 277 2562 ἔκλαεν]
295 2490 342 2543 Sic
358 2489 420 2543 Urs.
437 2500 502 2546 ΑΒ.
519 2488 599 2543 cour.
619 2487 707 2557 Vulgo
725 2489 868 2560 ἔνλαυσεν.

364 2750 369 2760 s
472 2689 588 2754 clu.
630 2691 704 2752 XV.

174 2805 249 2894 αῧτῷ
265 2826 374 2897 γείτων]
393 2825 439 2879 Sic
456 2841 523 2878 omn.
541 2842 621 2878 mscc.
638 2830 666 2877 et
684 2824 744 2877 edd.
763 2823 883 2879 Courerii
901 2827 1076 2888 coniecturum

102 2912 188 2972 αὐτοῦ
200 2913 299 2983 γείτων
314 2911 410 2980 probet
422 2909 528 2962 leoobs.
547 2925 616 2978 quee
639 2908 792 2962 coniectura
813 2927 861 2980 per
883 2929 913 2965 se
930 2915 999 2969 bone
1016 2917 1076 2987 qui-
1108 2933 1110 2938 ’

104 2997 163 3054 dem
180 3013 233 3050 nou
251 3001 338 3048 temen
354 2991 501 3047 necessarie
518 2992 707 3060 videturesse.
741 2993 814 3048 Idem
839 2997 921 3050 sensit
938 2999 1023 3057 Boiss.
1041 3005 1077 3058 ed

104 3083 195 3136 Nicet.
213 3098 240 3150 p.
252 3083 312 3133 211.
346 3078 427 3141 Quod
442 3077 512 3130 idem
527 3077 570 3129 ille
586 3075 614 3129 in
631 3077 699 3130 Add.
716 3094 765 3148 pro
788 3083 903 3149 γείτων,
931 3082 963 3138 ἐν
983 3083 1076 3155 γειτό-

104 3181 163 3222 νων
181 3163 321 3226 coniectet,
339 3162 367 3214 id
383 3162 440 3215 sirie
456 3161 508 3214 ullo
524 3161 626 3214 'ratione
643 3162 740 3215 tactum
758 3169 808 3218 est.

172 3243 301 3320 γύναιον]
316 3246 402 3300 Recte
420 3246 471 3298 hoc
491 3245 611 3316 reposuit
627 3245 708 3299 Cour.
726 3263 760 3298 ex
775 3258 842 3302 AB·
880 3248 923 3300 01.
939 3249 1077 3308 Αωίωτᾱτ.

105 3335 139 3390 ed
156 3351 215 3403 cop.
226 3337 251 3386 6.

173 3413 341 3482 Λυκαίνων]
360 3413 455 3481 Amyot
472 3431 488 3466 e
506 3431 553 3467 cru
569 3412 706 3482 Lyceniou
717 3428 769 3466 une
780 3430 922 3483 pepsenne
939 3419 1031 3474 lemme
1042 3423 1078 3476 du

109 3517 210 3574 pnysen
227 3497 360 3552 Chromis:
378 3501 487 3566 etrauge
503 3497 623 3568 meprise.
656 3497 696 3550 Le
711 3513 772 3550 uom
792 3501 875 3552 meme
891 3499 924 3553 de
942 3502 1080 3572 Lycenion

108 3586 217 3656 indique
233 3601 284 3638 une
302 3581 457 3636 courtisane.
493 3581 627 3647 Chromis,
653 3581 794 3651 bourgeois
818 3582 852 3636 de
873 3583 1017 3655 Mytilene,
1044 3608 1079 3646 ou

110 3669 203 3741 plutdt
214 3667 366 3730 d'Athdnes,
384 3683 430 3719 cer
446 3670 508 3720 tout
526 3666 581 3718 oeci
599 3671 641 3720 eet
656 3666 711 3738 pris
738 3666 771 3720 de
794 3667 819 3720 le
837 3667 967 3733 Nouveile
986 3673 1081 3728 uome-

111 3753 164 3820 dic,
179 3752 221 3808 vit
237 3751 255 3806 1
270 3751 296 3806 le
313 3767 456 3822 compegue
471 3766 537 3806 evoe
552 3766 604 3824 une
620 3751 674 3806 fille
697 3751 732 3806 de
755 3751 865 3808 leville.
900 3755 980 3810 Trois
997 3765 1081 3812 sortes

824 3857 879 3914 82
