2988 4718
422 385 581 452 ΛΟΓΟΣ
612 387 851 454 ΤΕΤΑΡΊὈΣ
1078 387 1120 452 λλ

147 551 351 640 πνότερόν
336 576 419 618 εστιν
427 603 436 632 ,
476 552 557 619 ῶστι
589 550 785 665 ἐιλάκρυενέ
786 555 817 641 φ’
852 554 970 644 ἑκάστῳ
1000 557 1120 623 τοότιον

86 665 137 713 13³
150 635 448 719 ἀπαλλασσόμενος·
494 640 565 703 “καλ
597 636 668 702 οότι
703 637 777 715 νοός
810 640 943 750 γαυλοὺς
978 640 1119 726 ἀνέθηκε,

146 729 221 836 πρὶν
244 725 390 832 άμέλξαι,
420 721 490 788 οότε
510 723 547 788 τὸ
570 723 684 808 ιλίρμα,
716 727 789 809 πρὶν
810 723 1019 808 ἐνδύσασθαι,
1051 727 1121 794 οότε

147 811 208 920 τὴν
232 807 378 920 σύριγγα,
387 810 481 920 πρὶν
505 809 645 893 συρίσαι
684 807 765 872 ἀλλά
795 813 846 874 καλ
875 813 1019 918 ἐφίλησεν
1040 811 1121 878 αὐτά

149 892 254 960 πάντα
281 897 331 956 καὶ
358 893 417 970 τάς
444 889 533 975 αἶγας
553 902 700 1002 πρρσεῖπε
727 896 778 956 καλ
800 895 874 972 τοὺς
894 894 1029 1008 τράγους
1049 895 1122 962 ἐκά-

151 985 238 1044 λεσεν
268 978 437 1060 ὀνομαστί·
472 983 531 1086 της
564 978 621 1057 μὲν
650 978 709 1064 γιλρ
725 987 846 1085 πηγῆς
870 983 921 1044 καὶ
944 981 1040 1060 ἴπιεν,
1074 979 1122 1046 ότι

149 1061 317 1142 πολλάκις,
350 1066 402 1126 καὶ
432 1062 512 1143 μετὰ
544 1058 665 1170 Χλόης
702 1061 789 1130 οόπαι
821 1065 856 1129 66
888 1061 1037 1150 ὡμολόγει
1067 1065 1122 1132 τόν

149 1148 252 1236 ἐρωτα
273 1147 382 1234 καιρὸν
402 1143 667 1234 παραφυλάττων.

212 1305 264 1366 27.
290 1289 397 1364 '‘Ev
371 1325 396 1386 ῳ
424 1299 458 1364 66
478 1296 665 1408 Δάφνιςέν
648 1294 857 1376 νθυσίαις’
835 1327 889 1384 ην,
911 1299 988 1366 τάιλε
1008 1302 1121 1386 γίνεται

149 1388 218 1472 περὶ
244 1383 303 1470 τὴν
332 1364 452 1468 Χλόην.
490 1386 640 1494 ἐκαθητο
658 1384 811 1460 κλάουσα,
845 1385 884 1450 τά
905 1384 1050 1494 πρόβατα
1070 1386 1121 1450 νί

148 1493 270 1553 μουσα,
294 1473 425 1577 λέγουσα
448 1465 499 1533 οἶα
520 1463 640 1546 ελκός
618 1495 711 1552 ην.
700 1468 879 1546 »ἐξελάθετό
901 1496 964 1580 μου
985 1469 1121 1580 Δάφγις·

148 1555 358 1663 ὀνειροπολεῖ
379 1551 499 1638 γάμους
526 1556 703 1631 πλουσίους.
741 1557 774 1620 τί
799 1555 858 1640 γάρ
882 1555 977 1620 αὐτὸν
999 1551 1122 1637 όμνόειν

149 1637 290 1706 ιάντλτ
271 1646 334 1705 ῶτν
361 1643 510 1750 Νυμφῶν
539 1636 596 1716 τὰς
631 1635 722 1745 αἶγας
758 1641 950 1745 (ίέκέλευονς
980 1642 1118 1704 κατέλιπε
1130 1655 1180 1705 124

151 1721 288 1798 ταότας
309 1721 349 1798 ῶς
368 1727 418 1786 καὶ
436 1719 561 1831 Χλόην.
606 1722 678 1788 0666
699 1723 790 1787 βόων
810 1735 879 1832 ταῖς
899 1719 1051 1832 Νόμφαις
1072 1726 1123 1786 καὶ

151 1813 217 1894 τῷ
237 1810 322 1872 Πανὶ
349 1805 546 1892 ἐπεθύμησεν
573 1809 648 1872 ιιλεῖν
674 1806 796 1891 Χλόην.
833 1800 919 1896 εὗρεν
940 1808 1017 1886 ἰσαις
1036 1807 1123 1916 παρὰ

149 1919 258 2044 ηηη
226 1919 321 2058 μητζρι
314 1894 538 1980 θεραπαίνας
564 1893 641 1976 ἐμοῦ
662 1894 847 1982 κρείττονας.
873 1893 1026 1980 χαιρέτω·
1065 1891 1123 1976 ἐγὼ

223 2003 260 2043 ου
298 2000 438 2062 ησομαιπ
548 1997 552 2002 ·

213 2133 266 2194 28.
293 2135 433 2194 Τοιαῦτα
454 2130 614 2240 λίγσυσαν,
636 2136 766 2195 τοιαῦτα
788 2129 965 2209 ἐννοοῦσαν,
988 2124 1123 2210 ὄΛάμ-

91 2223 141 2272 134
153 2239 204 2289 πις
224 2211 240 2280 6
262 2211 414 2319 βουκόλος
433 2215 512 2322 μετά
530 2214 634 2300 χειρός
640 2220 818 2324 γεωργικῆς
838 2213 1004 2292 ἐπιστάς“
984 2237 1123 2322 ηρπηισεν

152 2295 266 2382 αὐτήν,
291 2295 334 2376 ῶς
361 2299 431 2364 οότε
453 2295 657 2406 Δάφνιιλος”
639 2325 681 2364 ετι
702 2297 900 2408 γαμήσοντος
921 2324 959 2362 κα
962 2296 1123 2383 λΔρόιιν-

149 2409 204 2460 τος
233 2383 393 2448 ἐκεῖνον’
374 2381 600 2467 αγαπὴσοντος.
638 2409 658 2466 η
679 2409 737 2463 μεν
760 2377 815 2446 οὖν
837 2384 990 2464 ἐκομίζετο
1011 2389 1123 2465 βοῶσα

150 2467 295 2542 ἐλεεινόν·
319 2474 382 2531 τῶν
404 2469 440 2532 ιλέ
457 2493 504 2542 τις
525 2468 656 2530 λιλόντων
653 2465 804 2573 ἐμήγυσε
821 2493 859 2552 τη
844 2465 1003 2574 Νάπη,
1002 2467 1123 2548 κάκείνη

148 2560 193 2642 τῶ
214 2549 363 2658 Δρόαντι
380 2547 467 2612 κάλ’
453 2577 469 2614 ο
491 2549 603 2658 Δρόας
624 2555 668 2635 τῷ
689 2549 839 2658 Δάφνιδι.
883 2548 899 2614 6
924 2551 957 2613 66
981 2550 1040 2624 εξαι
1061 2556 1124 2614 τῶν

149 2643 275 2724 φρενῶν
296 2631 458 2718 γενόμενος
479 2633 549 2700 οότε
571 2637 663 2698 ελπεῖν
683 2635 762 2742 πρὸς
782 2633 837 2706 τόν
857 2635 976 2719 πατέρα
998 2632 1123 2716 ἐτόλμα,

150 2725 199 2786 καλ
205 2727 382 2829 καρτερεῖν
404 2719 449 2800 μὴ
471 2719 643 2799 δυνάμενος
664 2719 752 2792 είς
719 2744 773 2782 τον
787 2720 954 2803 περίκηπον
976 2718 1124 2784 είσελθῶν

152 2801 357 2914 6669603»
346 2801 399 2882 »Ὤ
421 2809 533 2890 πικρᾶς
554 2802 774 2910 άνευρίσειοςί
809 2804 962 2912 λέγων.
951 2801 1064 2868 πόσον
1085 2796 1124 2886 ἦν

152 2916 217 2974 μοι
241 2899 445 2998 κρεῖττονγ
400 2889 522 2972 νίμεινς
553 2885 652 2952 πόσον
672 2887 756 2972 ἥμην
776 2884 1024 2975 μακαριώτερος,
1048 2889 1122 2953 606-

153 2973 261 3050 »λος”
235 3000 298 3057 ων,·
315 2969 386 3038 τότε
399 2973 528 3054 ἔβλεπον
542 2971 668 3077 Χλόην·
691 2970 755 3038 τότ
768 3019 1119 3040 ..............

153 3065 219 3124 »νῶν
248 3060 282 3126 66
310 3055 407 3142 τὴνγ
394 3059 451 3140 μὲν
472 3053 647 3166 Λάμπις“
628 3054 774 3168 αρπάσας
795 3058 924 3140 οἲχεται,
955 3057 1066 3164 νυκτός
1088 3059 1123 3122 ιλέ

154 3143 330 3252 ιγεγομίνης
351 3139 599 3227 συγκοιμήσεται.
635 3141 720 3254 ἐγὼ
713 3144 746 3207 66
767 3145 845 3208 πίνω
867 3145 918 3206 καλ
918 3149 1049 3252 τρυφῶ
1071 3143 1122 3204 καὶ

154 3226 269 3336 ιμάτην
300 3227 355 3294 τόν
386 3232 488 3298 Πάνυ
512 3230 563 3300 κοιλ
594 3227 652 3364 τὰς
683 3225 772 3312 αἶγας
805 3227 856 3297 καλ
890 3226 948 3304 τάς
982 3223 1123 3312 Νύμφας

156 3311 301 3404 »ὤμοσαν

203 3546 356 3616 ἐιλάκρασεν
371 3551 406 3602 V.
423 3551 451 3602 S.
468 3577 503 3589 —
528 3545 768 3618 ἀπαλλαττόμενος
783 3546 818 3599 V.
836 3547 867 3600 S.

203 3639 244 3690 27.
260 3632 308 3685 καλ
324 3628 422 3692 ναύτας
438 3633 471 3687 V.
489 3633 518 3688 S.
586 3687 593 3704 ‚

203 3719 244 3770 λθ.
261 3717 319 3768 Καὶ
336 3718 446 3770 τοιαίτιι
461 3718 598 3786 λέγουσαν
615 3718 648 3768 V.
665 3717 738 3769 S.-
754 3710 855 3780 Χλόην·
875 3718 926 3768 νῦν
944 3716 974 3769 66
994 3718 1025 3768 V.
1045 3718 1073 3773 S.
1088 3743 1119 3758 *-

157 3777 311 3852 κοιμήσεται
326 3785 359 3836 V.
