2988 4718
413 371 573 438 Aor02
606 372 847 440 υσυκετοε
935 353 938 366 ’
1074 380 1116 444 π

204 541 257 604 16.
291 535 329 605 ‘0
358 537 393 604 δέ
418 539 499 621 μετὰ
528 545 585 624 τῆς
604 537 715 624 Χλόης
733 541 829 625 ήσθιε
849 543 900 607 καί
930 543 1021 629 ήδετο
1043 567 1114 630 γευ-

80 651 85 656 ·
138 623 254 706 όμενυς
280 622 418 708 ἀστυκής
445 624 646 709 ἀφαρτυσίας
672 628 725 689 καί
748 625 866 703 εύελπις
885 621 924 712 ήν
948 628 1113 706 τεύξεσθαι

137 715 199 774 τοῦ
219 707 322 791 γόμου
342 709 452 784 πείσας
470 709 545 785 τούς
566 706 729 785 δεσπότας.
760 709 834 778 όδὲ
854 710 992 780 Γνάθων
1011 738 1111 803 προσ-
1220 775 1252 798 .,

139 794 304 868 εκκαυθείς
337 803 405 869 τοῖς
439 793 519 860 κατά
554 793 590 858 τό
633 794 774 860 αἰπόλιον
813 800 1020 881 γεγενημένοις
1061 803 1113 864 καὶ

140 878 281 958 ἀβίωτον
307 879 441 960 νομίζων
466 877 521 942 τόν
544 882 615 960 βίον
622 925 631 956 ,
669 879 759 962 εἰμὴ
781 879 918 957 τεύξεται
939 881 1120 970 Δάφνιδος,

140 969 370 1047 περιπατοῦντα
398 963 453 1028 τόν
478 961 629 1028 Ἀστύλον
650 965 682 1028 έν
703 971 749 1050 τῷ
770 969 949 1055 παραδείσῳ
996 963 1113 1044 υλάξας

140 1049 196 1110 καί
227 1045 390 1130 ἀναγαγών
419 1049 461 1123 εἰς
487 1047 542 1112 τόν
570 1055 627 1114 τού
647 1046 806 1115 Διονύσου
833 1050 911 1116 νειύν
939 1055 1040 1130 ποδας
1061 1057 1113 1118 καὶ
1194 1105 1196 1112 .

138 1139 247 1216 χεῖρας
277 1135 441 1218 κατεφίλει.
480 1139 537 1198 τοῦ
569 1135 603 1198 δέ
623 1135 884 1216 πυνθανομένου,
921 1139 1004 1212 τίνος
1025 1137 1112 1202 ένεκα

138 1222 242 1280 ταῦτα
273 1217 350 1305 δρᾷ,
388 1224 409 1254 “
416 1219 467 1280 καὶ
497 1218 591 1301 λέγειν
618 1217 794 1294 κελεύοντος
824 1223 875 1283 καί
905 1219 1109 1306 ὑπουργήσειν
1122 1233 1171 1285 113

139 1297 329 1382 ὀμνύοντος,
365 1301 515 1383 ιΟἰχεταί
532 1325 581 1366 σοι
606 1307 635 1368 Γ
631 1300 775 1383 νάθων,ι
795 1302 872 1390 ἔφη,
892 1307 1056 1372 ιδίσποτα.
1094 1303 1111 1373 ό

64 1386 271 1471 Ιῇιέέμέχρι
292 1392 348 1450 νόν
367 1383 468 1468 μόνης
486 1388 637 1472 τραπέζης
657 1394 714 1470 τῆς
735 1394 792 1471 σῆς
813 1391 900 1474 ἐρῶν,
923 1389 940 1456 ό
962 1387 1113 1478 πρότερον

137 1468 255 1550 ιάμνύς
283 1469 330 1536 ότι
360 1473 458 1554 μηδέν
487 1472 570 1536 ἔστιν
598 1469 785 1558 ἀραιότερον
807 1474 892 1538 οἰνσυ
912 1473 1111 1562 γέροντος,ό

136 1555 314 1639 *κρείττους
339 1562 403 1620 τῶν
434 1554 561 1641 ἐφήβων
591 1563 654 1622 τῶν
684 1557 716 1620 έν
737 1555 905 1644 Μυτιλήνῃ
932 1559 1006 1636 τοὺς
1037 1560 1113 1636 σούς

135 1639 341 1724 νδψαρτυτάς
367 1641 477 1724 λέγων,
507 1638 606 1723 μόνον
633 1641 741 1706 λοιπόν
767 1643 862 1707 καλόν
889 1640 964 1708 εἰναι
985 1646 1112 1729 Δάφνιν

136 1725 286 1803 ννομίζω.
321 1727 370 1787 καὶ
397 1731 520 1812 τροφής
546 1727 605 1808 μέν
633 1733 690 1808 τῆς
715 1729 903 1802 πολυτελοῦς
924 1727 960 1792 ού
982 1726 1113 1812 γεύομαι

136 1809 260 1872 »καίτοι
288 1805 445 1875 τοσούτων
475 1812 795 1896 παρασκευαζομένων
823 1807 956 1896 ἑκάστης
984 1809 1111 1899 ἡμέρας,

134 1899 273 1978 περιιόν,
296 1892 434 1975 ἰχθύων,
456 1895 691 1977 μελιτωμάτων,
714 1892 813 1978 ήδέως
834 1895 868 1959 δ’
892 1896 931 1960 ἀν
953 1897 1004 1973 α’ἰξ
1025 1894 1112 1981 γενό-

134 2001 250 2058 ιμενος
269 1975 350 2042 πόαν
370 1979 506 2060 έσθίοιμι
528 1983 579 2044 καί
601 1977 705 2066 φύλλα
725 1987 782 2063 τῆς
802 1977 967 2064 Δάφνιδος
988 1981 1112 2046 ἀκούων

133 2057 301 2148 ’σύριγγος
321 2066 372 2126 καὶ
393 2061 444 2126 ἀπ’
468 2065 570 2152 ἐκείνῳ
592 2061 767 2148 νεμόμενος.
792 2065 830 2129 σύ
853 2066 887 2130 δέ
909 2072 1013 2132 σῶσον
1026 2071 1059 2132 Γ
1054 2064 1113 2132 νά-

27 2175 32 2182 ·
133 2152 250 2210 ιθωνα
271 2146 326 2211 τόν
347 2145 403 2213 σόν
423 2151 474 2212 καὶ
495 2149 549 2214 τόν
571 2148 726 2233 ἀήττητον
747 2149 848 2236 έρωτα
868 2152 1005 2234 νέκησον.
1029 2153 1056 2215 εἰ
1076 2153 1111 2216 δέ

133 2229 217 2314 νμή,
247 2234 297 2295 σοὶ
319 2229 471 2314 ίπόμνυμι
491 2233 547 2298 τόν
568 2233 643 2315 έμόν
663 2233 756 2314 θεόν,
781 2235 913 2344 ξιφίδιον
930 2236 1037 2317 λαβὼν
1058 2239 1111 2299 καὶ

130 2315 317 2398 -ἒμπλήσας
330 2317 388 2399 τήν
400 2318 543 2402 ’γαστέρα
564 2325 688 2404 τροφῆς
709 2320 845 2398 έμαυτον
867 2319 1026 2384 ἀποκτενῶ
1047 2320 1109 2407 πρό

133 2407 220 2464 »τῶν
240 2398 405 2486 Δάφνιδος
425 2408 552 2485 θυρῶν·
576 2403 615 2466 σύ
638 2405 672 2468 δέ
694 2402 793 2466 οόκέτι
815 2405 952 2478 καλέσεις
972 2407 1004 2467 Γ
999 2411 1110 2470 ναθω-

134 2483 272 2570 ννάριυν,
298 2485 402 2570 ὥσπερ
425 2483 547 2561 εἰάθεις
567 2487 683 2563 παίζων
705 2485 774 2550 ἀείκ
869 2508 871 2518 ’
1134 2469 1155 2499 ³

202 2589 257 2650 17.
293 2583 360 2648 Οὔκ
381 2583 507 2666 ἀντέσχε
523 2581 660 2649 -κλάοντι
687 2579 739 2648 καί
774 2577 870 2661 αὖθις
903 2585 977 2660 τούς
1011 2583 1112 2664 πόδας

134 2672 374 2754 καταφιλούντι,
396 2671 555 2744 νεανίσκος
574 2665 790 2776 μεγαλόφρων,
814 2669 870 2732 οὐκ
891 2668 1018 2756 ἀπειρος
1032 2671 1110 2757 έρω-

133 2749 224 2836 τικής
251 2749 366 2834 λύπης,
396 2751 462 2814 ἀλλ’
493 2749 628 2834 αἰτήσειν
655 2753 751 2816 αύτον
771 2750 858 2838 παρὰ
886 2758 908 2790 “
914 2759 971 2818 τού
992 2754 1110 2842 πατρός
1120 2776 1169 2832 114

72 2858 127 2906 123
139 2839 339 2922 ἐπηγγείλατο
361 2837 412 2900 καί
434 2837 570 2918 κυμίσειν
592 2839 635 2912 εἰς
657 2836 739 2920 ’(τήν
759 2834 848 2901 πόλιν
865 2833 951 2924 αύτῷ
963 2839 1021 2920 μέν
1035 2842 1110 2905 δού-
1204 2885 1206 2892 ·

135 2927 204 3004 λον,
236 2923 339 3006 έκεένφ
371 2922 406 2985 δέ
437 2918 601 3008 έριόμενον.
629 2925 672 2998 εἰς
696 2921 851 3003 εόθυμίαν
880 2923 914 2986 δέ
942 2927 993 2987 καί
1014 2925 1110 2992 αὐτόν

137 3009 252 3070 ἐκεῖνον
272 3007 377 3070 θέλων
403 3014 589 3092 προαγαγεῖν
615 3003 806 3072 ἐπυνθάνετο
826 3010 969 3088 μειδιῶν,
1005 3013 1032 3074 εἰ
1053 3011 1110 3075 οὐκ

138 3088 315 3172 αἰσχύνεται
342 3088 507 3172 Λάμωνος
532 3091 601 3155 υἱόν
621 3097 735 3177 φιλῶν,
770 3091 850 3154 ἀλλά
871 3094 923 3156 καὶ
945 3091 1110 3174 σπουδάζει

139 3179 423 3258 συγκατακλιθήναι
459 3177 582 3256 νέμοντι
618 3174 707 3260 αἶγας
740 3179 905 3263 μειρακίῳ·
953 3182 1004 3240 καί
1040 3179 1109 3260 ἅμα

137 3257 313 3345 ὑπεκρίνετο
335 3259 393 3343 τήν
413 3260 559 3344 τραγικήν
580 3262 738 3326 δυσωδίαν
757 3258 986 3342 μυσάττεσθαι.
1024 3259 1040 3326 ό
1064 3263 1107 3343 δέ,

142 3340 195 3407 οἷα
214 3349 320 3409 πᾶσαν
342 3344 489 3431 ἐρωτικήν
508 3347 704 3430 μυθολογίαν
733 3345 766 3408 έν
795 3353 862 3420 τοῖς
886 3351 950 3410 τῶν
977 3343 1109 3413 ἀσώτων

1162 2483 1196 2500 W

192 3567 232 3615 16.
249 3561 295 3630 τῆς
310 3562 359 3628 σῆς
376 3560 426 3615 οιιι.Ι
445 3563 478 3616 V.
494 3565 523 3616 S.
541 3593 576 3607 -
592 3558 735 3635 Μιτυλήνη
754 3563 787 3615 V.
804 3561 833 3615 S.
856 3565 888 3617 C.
907 3543 942 3600 ἕ
958 3559 1108 3634 γευόμενος

141 3645 189 3699 pro
206 3624 325 3710 γεύομαι
341 3630 374 3682 V.
393 3631 421 3682 S.
438 3652 474 3712 Τ
490 3625 535 3681 ὑπ’
554 3629 661 3686 έκείνου
679 3631 709 3682 C.
761 3693 767 3714 η
1012 3701 1022 3706 .

142 3697 511 3834 ἔπὲήριήχιχτήρορρρθλυχιχς
527 3699 555 3752 S.
567 3725 600 3740 -
617 3701 667 3751 τοῦ
684 3715 786 3768 πατρυς
802 3695 978 3770 ἐπηγγέλλετο
996 3699 1029 3755 V.
1047 3699 1109 3752 S.-
