2988 4718
370 407 413 468 w
599 403 787 468 ΛΟΓΓΟΥ
815 399 1118 466 ΠΟΙΜΕΝΙΚΩΝ

370 570 526 654 ιιῗιδελφού
553 574 657 651 κτῆμα
686 567 815 652 οὐδέν’)
853 565 934 630 ἀλλὰ
965 571 1079 652 φιλεῖτε
1107 563 1261 648 ἀλλήλους
1288 569 1344 630 καί

370 651 554 740 »χρημάτων
575 654 661 716 ἕνεκα
682 656 732 716 καὶ
757 657 955 734 δίδασιλεῦσιν
976 653 1094 737 ἐρίζετε.
1143 651 1261 736 πολλήν
1281 653 1342 732 μέν
1356 667 1408 714 131

371 739 447 825 ,γάρ
468 737 543 819 ὑμῖν
565 741 743 819 καταλείψω
765 745 837 820 γῆν,
861 737 996 811 πολλούς
1016 737 1050 802 δὲ
1072 731 1192 812 οῖκέτας
1213 734 1344 814 δεξιούς,

370 857 381 882 ι
384 822 504 909 χρυσόν
511 873 520 902 ,
559 821 714 909 άργυρον,
757 821 817 887 ὅσα
849 821 930 886 άλλα
962 818 1154 902 εὐδαιμόνων
1184 817 1341 902 κτήματα.

370 909 482 990 ιμόνον
515 910 669 994 ἐξαίρετον
704 914 797 972 τοῦτο
833 905 971 992 Δάφνιδι
1011 906 1046 972 τὸ
1077 907 1197 1017 γωρίον
1230 907 1345 986 δίδωμι

371 997 440 1098 ιηαὶ
460 989 611 1074 Λάμωνα
632 995 682 1056 καὶ
705 989 882 1079 Μυρτάλην
904 991 1033 1067 καὶτὰς
1054 1015 1159 1074 αιγας,
1188 989 1227 1066 ἃς
1248 991 1347 1066 αὐτὸς

371 1103 504 1160 ιενιμεν.
600 1137 608 1150 ,

435 1181 488 1244 25.
520 1178 586 1244 Ἔτι
628 1179 725 1244 αὐτοῦ
766 1181 930 1262 λέγοντος,
980 1176 1106 1262 Δάφνις
1140 1175 1346 1260 άναπηδήσας

315 1268 616 1344 12ε·“1(οκσςμε,«
637 1261 707 1341 εἶπε,
730 1271 856 1342 παύου,
878 1261 991 1349 πάτερ,
1016 1263 1199 1344 ἀνέμνησας.
1238 1262 1345 1344 άπειμι

372 1349 445 1422 »τάς
473 1345 561 1430 αἶγας
590 1345 718 1424 ἀπάξων
745 1351 792 1411 ἐπὶ
822 1346 933 1427 ποτόν,
972 1350 1006 1410 αί
1032 1373 1093 1411 που
1121 1353 1177 1412 νῦν
1204 1349 1345 1428 διψῶσαι

374 1433 584 1518 Ι’περιμένουσι
613 1433 670 1514 τήν
702 1431 830 1518 σύριγγα
852 1433 908 1514 τήν
931 1431 1025 1516 ἐμήν,
1054 1431 1111 1516 ε’γιδ
1140 1434 1173 1496 δὲ
1195 1434 1349 1496 ἐνταυθοῖ

372 1519 581 1598 ικαθέζομαιιι
618 1514 701 1580 Ἡδδ
729 1515 841 1592 πάντες
869 1519 1065 1600 ἐξεγέλασαν,
1102 1515 1149 1581 ὅτι
1193 1515 1347 1599 δεσπότης

373 1604 569 1686 γεγενημένος
604 1600 647 1666 έτι
682 1603 766 1666 θέλει
803 1599 877 1666 εἶναι
922 1601 1059 1677 αῗπόλος.
1112 1602 1252 1676 κάκείνας
1286 1603 1346 1683 μέν

373 1684 578 1773 θεραπεύσων
606 1687 752 1771 ἐπέμφθη
780 1711 827 1762 τις
849 1686 960 1762 ἄλλος·
1000 1687 1029 1752 οἱ
1059 1687 1092 1750 δέ
1112 1684 1269 1762 θύσαντες
1289 1690 1354 1752 Aci·

374 1777 498 1858 Σωτῆρι
527 1769 702 1853 συμπόσιον
730 1771 941 1855 συνεκρότουν.
979 1775 1021 1846 εἰς
1048 1777 1140 1836 τοῦτο
1163 1771 1198 1836 τὸ
1223 1769 1347 1851 συμπό-

374 1881 441 1922 σιον
468 1853 565 1937 μόνος
592 1858 650 1937 οὐχ
671 1847 724 1938 ήκε
745 1854 898 1932 Γνάθων,
928 1857 1008 1920 ἀλλὰ
1031 1854 1226 1941 φοβούμενος
1247 1859 1280 1920 ἐν
1301 1863 1346 1942 τῷ

333 2023 337 2027 ,
373 1947 432 2026 νεῷ
466 1946 523 2004 τού
557 1941 715 2004 Διονύσου
753 1943 803 2003 καί
842 1942 899 2022 τὴν
933 1938 1051 2027 ἡμέραν
1080 1941 1176 2022 έμεινε
1206 1943 1256 2004 καὶ
1288 1941 1347 2024 τήν

372 2023 486 2100 νύκτα,
519 2022 621 2108 ὥσπερ
655 2024 763 2106 ἱκέτης.
801 2028 925 2106 ταχείας
956 2027 989 2090 δέ
1019 2023 1126 2110 φήμης
1154 2029 1209 2100 εἲς·
1227 2023 1347 2102 πάντας

373 2105 549 2189 ἐλθούσης,
586 2107 633 2171 ὅτι
668 2109 909 2192 Διονυσοφάνης
944 2101 1029 2197 εὗρεν
1076 2110 1173 2174 αυἱὸν
1209 2113 1261 2172 καὶ
1297 2111 1343 2176 ὅτι
1357 2136 1408 2183 132
1492 2107 1493 2112 ¹

373 2189 499 2278 Δάφνις
526 2189 542 2254 ό
574 2189 702 2267 αἰπόλος
730 2193 883 2276 δεσπότης
908 2201 972 2258 τῶν
1000 2196 1104 2280 ἀγρῶν
1126 2191 1255 2281 εύρέθη,
1281 2195 1347 2277 ἅμα

375 2279 416 2364 ἕῳ
453 2277 634 2361 συνέτρεχον
676 2277 771 2360 ἄλλος
814 2279 991 2361 ἀλλαχόθεν
1026 2287 1071 2366 τῷ
1106 2281 1163 2360 μέν
1198 2284 1346 2367 μειρακίῳ

375 2359 586 2444 συνηδόμενοι,
610 2369 655 2448 τῷ
683 2364 717 2426 δὲ
738 2367 832 2450 πατρὶ
855 2365 952 2430 αὐτοῦ
976 2367 1063 2446 δῶρα
1086 2367 1277 2444 κομίζοντες·
1316 2368 1346 2430 ἐν

375 2444 422 2522 οἷς
443 2449 493 2509 καὶ
517 2443 532 2509 ὃ
555 2447 666 2532 Δρύας
687 2454 811 2532 πρῶτος
832 2447 848 2512 ὃ
871 2451 993 2535 τρέφων
1015 2449 1071 2530 τόν
1092 2445 1213 2531 Χλόην.

436 2552 489 2612 26.
508 2543 546 2612 Ὁ
569 2547 602 2611 δέ
624 2547 867 2635 Διονυσοφάνης
895 2559 1013 2632 κατεῖχε
1041 2546 1162 2625 πάντας
1183 2551 1349 2630 κοινωνούς

371 2633 453 2718 μετά
475 2632 532 2715 τήν
554 2631 750 2718 εὐφροσύνην
772 2637 823 2696 καὶ
845 2641 901 2716 τῆς
923 2633 1032 2720 ἑορτῆς
1054 2636 1228 2716 ἐσομένους.
1249 2663 1347 2722 ,παρ-

374 2715 540 2784 εσκεόαστο
564 2719 598 2782 δέ
619 2717 716 2794 πολδς
735 2720 793 2800 μέν
816 2717 915 2798 οἶνος,
939 2718 1039 2784 πολλά
1062 2721 1095 2784 δέ
1118 2718 1243 2806 ἄλευρα,
1267 2720 1348 2804 ι’ίρνι-

316 2827 365 2884 123
375 2809 435 2878 θες
463 2803 568 2882 ἕλειοι,
598 2813 700 2888 χοῖροι
729 2802 1150 2886 γαλαθηνοί,,μελιτώματα
1180 2809 1346 2869 αποικίλα·

373 2889 424 2950 καὶ
464 2886 557 2970 ἱερεῖα
595 2889 629 2950 δέ
665 2887 766 2950 πολλά
806 2897 872 2962 τοῖς
904 2890 1075 2975 ἐπιχωρίοις
1104 2895 1192 2965 θεοῖς
1222 2888 1344 2955 ἐθύετο.

374 2971 513 3033 ἐνταῦθα
539 2967 558 3032 ὃΙ
583 2967 710 3052 Δάφνις
737 2975 952 3058 συναθροίσας
983 2971 1086 3038 πάντα
1117 2975 1157 3038 τά
1187 2976 1348 3056 ποιμενικδ

374 3053 517 3135 κτήματα
540 3053 684 3133 διένειμεν
707 3053 902 3138 ἀναθήματα
923 3067 989 3133 τοῖς
1009 3064 1105 3134 θεοῖς.
1134 3066 1178 3145 τῷ
1200 3058 1347 3147 Διονύσῳ

374 3138 431 3220 μέν
454 3137 586 3220 άνέθηκε
613 3136 670 3218 τήν
696 3135 799 3244 πήραν
827 3143 877 3202 καὶ
905 3142 940 3206 τὸ
963 3143 1080 3228 δέρμα·
1118 3151 1163 3232 τῷ
1184 3148 1271 3208 Πανὶ
1291 3147 1348 3226 τήν

376 3221 504 3330 σύριγγα
533 3223 584 3284 καὶ
605 3221 660 3286 τὸν
688 3227 817 3306 πλαγιον
846 3223 956 3290 αὐλόν·
984 3231 1042 3310 τήν
1069 3227 1253 3314 καλαύροπα
1281 3240 1349 3306 ταῖς

374 3309 526 3392 Νυμφαις
557 3307 608 3369 καὶ
642 3307 717 3383 τούς
751 3307 901 3394 γαυλούς,
942 3310 997 3388 οὓς
1029 3313 1124 3389 αὐτὸς
1156 3313 1346 3399 ἐτεκτήνατο.

376 3390 476 3466 οὕτως
497 3391 531 3456 δέ
553 3389 616 3478 άρα
636 3392 672 3456 τὸ
696 3390 832 3478 σύνηθες
853 3395 1026 3480 ξενιζούσης
1054 3398 1253 3481 εὐδαιμονίας
1281 3425 1347 3482 τερ-

427 3599 470 3646 25.
487 3595 572 3646 ταῦτα
592 3601 653 3647 ante
671 3590 758 3664 πάτερ
776 3614 826 3650 om.
843 3598 876 3653 C.
893 3627 927 3639 —
944 3595 993 3653 τὸν
1010 3594 1098 3652 ποτόν
1114 3600 1148 3651 V.
1167 3599 1196 3652 S.
1209 3631 1244 3641 —-
1260 3619 1346 3672 παρα-

377 3663 669 3801 ρίηήηοαυςσηφὶρονπεὲιμ.
687 3663 721 3715 V.
739 3691 773 3706 -
788 3663 924 3734 ἐγέλασαν
940 3684 989 3738 pro
1006 3666 1104 3732 ἐξεγέλ.
1118 3667 1152 3718 V.
1164 3667 1237 3722 8.-
1254 3663 1269 3723 ὃ
1287 3673 1346 3722 ante

369 3839 373 3846 .
428 3797 471 3852 26.
489 3789 559 3851 οὕτω
576 3795 608 3850 δὲ
625 3788 678 3863 ι’ίρα
694 3797 727 3850 V.
747 3798 775 3850 S.
