2900 4736
409 421 742 476 ,ΗΔΗΔΉθι
1065 425 1084 467 V

106 578 225 651 natum,
252 574 344 637 etlam
363 571 443 636 banc
468 575 507 642 ob
534 589 654 646 cansam
682 595 744 640 non
770 581 845 639 acta·
863 581 985 640 returns
1012 593 1084 640 esse

107 677 186 739 milri
199 675 358 738 videbatur
371 677 409 750 is,
436 677 488 758 qui
502 695 609 741 novam
623 679 713 740 buius
727 679 982 761 Erotosophiatae
996 699 1084 760 para·

108 783 161 840 ret
177 779 350 841 editionem.
366 779 466 859 litque
480 777 534 840 illo
549 780 607 840 iam
621 785 761 861 tempore
775 781 872 862 Longi
886 779 996 842 edendi
1009 781 1084 842 mihi

110 880 271 940 subustum
287 884 335 945 eat
349 880 518 958 consilium,
539 880 620 960 quod
634 899 674 943 ne
690 900 885 962 exsequerer,
900 881 987 956 iecit,
1002 881 1084 961 quod

110 977 212 1060 Longi
234 985 267 1040 ut
288 983 462 1042 ceterorum
492 980 686 1042 Eroticcrum
707 971 825 1044 fabulas
849 983 880 1043 in
902 983 1084 1045 collectione

111 1077 327 1144 Teubnericna
354 1081 466 1144 edendi
487 1087 666 1162 susceperat
685 1070 870 1165 provinciam
891 1085 938 1145 vir
962 1084 1085 1164 elegan-

110 1181 248 1242 tissimus
269 1182 346 1244 etsi
367 1181 433 1260 quis
456 1179 533 1242 aliua
554 1181 594 1241 ad
615 1181 647 1242 id
672 1185 828 1264 negotium
843 1183 973 1246 idoneus
987 1181 1085 1245 Fran·

112 1283 216 1347 ciscus
230 1281 420 1370 Paasowins3
443 1301 503 1361 quo
519 1281 640 1344 demum
655 1283 692 1344 ab
713 1283 892 1346 inexorabili
912 1291 1011 1346 morte
1029 1285 1083 1345 ab·

112 1389 223 1464 nepte,
244 1401 365 1444 rursum
387 1381 427 1443 de
448 1381 568 1444 edendo
590 1381 697 1463 Longo
718 1385 865 1466 cogitaui,
886 1385 919 1445 in
940 1403 1000 1466 qno
1016 1387 1084 1465 qan-

111 1483 184 1544 dem
198 1481 326 1543 consilio
340 1499 390 1544 me
405 1481 531 1563 egregie
545 1483 734 1545 confirmavit
747 1481 805 1545 Vir
822 1484 964 1548 Βιιιιιιιιιι
979 1486 1084 1548 Gono-

109 1602 237 1648 annuos
246 1583 419 1666 Hennaeus
427 1583 644 1662 Semanous,
659 1587 713 1666 qui
726 1607 804 1667 quae
821 1587 888 1648 eins
908 1594 955 1650 est
977 1589 1009 1650 in
1033 1605 1083 1648 mc

108 1685 328 1749 benevolentia
348 1685 422 1748 mibi
446 1685 527 1750 ultro
550 1685 662 1749 obtulit
683 1705 746 1749 non
776 1685 886 1768 exigua
912 1689 952 1749 ad
976 1705 1083 1750 novam

113 1789 281 1850 editionem
301 1787 464 1869 parandam
485 1787 639 1869 subsidia,
678 1805 756 1868 quae
778 1789 906 1850 maximo
925 1785 997 1852 bnic
1017 1787 1084 1850 edi·

111 1891 193 1952 tioui
208 1894 383 1951 ornamento
399 1907 470 1950 esse
484 1889 614 1969 gaudeo.
644 1885 722 1950 Sunt
736 1893 837 1951 antem
854 1907 905 1950 ea:
927 1883 963 1973 1)
978 1889 1083 1969 plures

85 2029 92 2046 .
111 1987 182 2051 Vni
195 1989 453 2052 Praestantissimi
468 1989 680 2052 adnotationes
695 1989 839 2066 ineditae,
855 2009 927 2070 quas
943 1982 1001 2070 ego
1017 2009 1082 2052 orn·

110 2111 168 2154 nes
184 2091 316 2154 auctoris
329 2091 453 2154 nomine
468 2092 600 2171 signatas
623 2091 816 2154 excudendas
831 2092 948 2166 curavi3
969 2091 1004 2170 2)
1019 2093 1083 2153 ani·-

111 2193 339 2256 madversioncs
355 2191 517 2268 arumna,
539 2211 612 2272 quas
628 2193 775 2266 continet,
796 2199 832 2256 ut
849 2189 949 2254 refert
963 2191 1083 2255 Sinner.

110 2293 215 2357 Praei.
230 2293 483 2375 p.nrr‚cod.msc.
493 2291 626 2354 chartac.
640 2293 751 2374 pp.2d.
768 2293 800 2353 4⁰
814 2313 895 2354 num.
910 2289 1020 2357 XLIV.
1034 2295 1082 2355 in-

112 2401 164 2458 ter
183 2395 391 2456 Brunclianos
414 2393 445 2454 in
465 2393 657 2458 Bibliotheca
680 2393 793 2468 Paris,
814 2393 874 2474 'qui
901 2400 949 2455 est
973 2395 1082 2457 inscri-

111 2502 200 2578 ptusc
223 2493 433 2574 „Remarques
457 2513 510 2556 sur
529 2493 559 2558 la
579 2494 721 2558 nouvelle
738 2495 853 2556 edition
868 2495 907 2554 de
921 2495 1101 2577 longueſsa

109 2598 175 2660 Has
191 2603 294 2658 autern
317 2594 528 2656 adnotationes
545 2595 583 2655 in
606 2593 882 2668 usnm‘Schaeleri‚
904 2597 1084 2675 quinorum
1108 2658 1110 2662 .

110 2705 176 2760 tum
191 2695 374 2758 moliebatur
387 2692 487 2774 Longi
502 2693 677 2770 editionem,
699 2693 906 2772 descripserat
919 2713 997 2755 anno
1011 2695 1042 2756 b.
1058 2715 1084 2758 s.

111 2797 180 2862 ΧΗ.
203 2797 304 2876 iisque
324 2794 412 2876 plura
434 2812 473 2856 ex
495 2811 552 2856 auo
570 2811 652 2874 penu
672 2791 832 2856 addiderat
859 2793 959 2856 boaue
983 2795 1083 2878 drogia

111 2899 203 2986 plena
226 2897 414 2960 Flondscus
434 2893 667 2968 Boiaaonodiua
682 2894 728 2955 vir
748 2895 794 2957 utl
815 2895 952 2958 doctrina
972 2897 1016 2959 ita
1035 2900 1084 2962 iu-

111 3002 204 3084 genio
219 2999 357 3079 insignis.
397 2995 498 3084 Etiam
512 2997 567 3057 bas
582 2996 776 3058 Boissonadii
789 3002 878 3060 notas
894 3017 1000 3062 omues
1015 3019 1083 3063 ιιι·

113 3123 175 3186 que
188 3102 323 3182 integras
339 3097 448 3160 excudi
462 3097 585 3178 placuit.
627 3095 774 3191 Brurrclil
796 3105 907 3174 autem,
922 3119 996 3179 quas
1017 3103 1083 3181 qui.

114 3203 184 3266 dem
196 3203 257 3264 iam
272 3199 427 3282 excerpsit
443 3197 599 3272 Sinnerna
621 3197 785 3278 plerasque
800 3199 896 3280 ipsius
911 3201 1013 3262 verbis
1028 3222 1083 3265 ex·

111 3323 235 3388 pressus
256 3301 409 3363 addendas
433 3301 535 3378 putavi
551 3318 611 3361 non
625 3299 777 3380 ingratum
796 3299 869 3362 viria
891 3301 991 3364 doctis
1011 3303 1083 3367 fore

112 3394 284 3478 arbitratus,
299 3401 326 3462 si
341 3399 473 3462 bominis
486 3399 654 3488 acutissimi
669 3405 702 3460 et
717 3400 937 3482 elegantissimi
952 3404 992 3468 de
1002 3403 1083 3486 'qno-

113 3525 174 3587 que
190 3505 261 3567 lcco
285 3501 465 3564 sententiam
489 3500 585 3580 ipsius
606 3501 708 3560 serbis
732 3502 985 3582 comprehensam
1007 3525 1082 3587 pos·

113 3609 184 3671 sent
202 3621 402 3686 cognoscere.
445 3601 574 3662 Ceteras
596 3605 708 3690 autem,
730 3602 762 3663 in
778 3604 887 3682 quibus
903 3605 1083 3687 simpliciter

114 3726 184 3775 suus
198 3706 390 3772 coniecturas
412 3702 574 3784 proponit,
597 3704 746 3785 excerpsi.
791 3702 974 3770 continebat
993 3726 1082 3792 prae.
