2978 4718
390 481 742 548 resana-sncouous
992 441 1052 548 ιιι

79 667 136 704 ram
152 650 179 704 in
198 647 320 704 cornibus
331 651 494 718 gestabant,
519 633 615 704 arietes
633 663 720 706 autem
737 661 765 706 et
782 670 844 712 oues
861 652 957 708 caloes
973 651 1049 749 lope-

78 751 138 788 rum
154 731 281 786 uhdatum
297 735 376 788 edere
394 733 568 788 audiebantur
610 737 767 806 Apparebat
779 745 807 800 et
823 736 878 808 ipsa
890 735 1012 791 chloe
988 752 1051 806 pinu

79 817 203 870 redimita
228 825 337 887 caput„
350 804 435 872 Multa
458 825 562 888 quoque
580 826 607 872 et
622 817 649 872 in
671 819 730 889 ipso
746 820 811 874 mari
827 819 926 884 fiebant
942 819 1005 886 mira
1022 829 1050 876 et

79 907 189 972 praeter
212 891 438 1000 exspectationem
471 901 591 957 sacoma
616 903 696 968 enim,
724 903 867 986 quamvis
859 903 887 956 in
902 903 994 974 altum
1005 919 1049 956 aas

79 985 176 1038 tollere
193 986 401 1050 eonmterentur,
419 980 446 1038 iu
462 985 593 1054 profundo
610 987 679 1042 lirae
703 979 857 1056 perstabant
883 987 999 1055 remique
1022 985 1049 1047 iu

80 1086 154 1122 mare
169 1069 287 1133 demissi,
302 1076 334 1120 ut
350 1068 507 1146 remigarent
523 1069 625 1133 milites,
644 1071 887 1140 contegebantur:
916 1071 1050 1140 delphines

80 1151 203 1205 salientes
228 1139 404 1222 lerientesque
422 1171 437 1206 e
455 1152 518 1204 mari
534 1154 587 1206 suis
605 1173 684 1208 naves
713 1155 802 1208 caudis
830 1171 969 1238 compages
995 1154 1050 1206 sol-

80 1238 187 1290 vebant.
205 1227 386 1290 Αυιιίειιιιιιι
404 1237 482 1292 etiam
499 1255 577 1309 super
594 1241 690 1292 mdoae
706 1247 798 1308 petrae
816 1239 963 1300 cacumine,
981 1254 1049 1306 quae

81 1321 131 1374 sub
143 1321 319 1390 promontorio
337 1309 449 1384 iacebat,
465 1338 544 1374 ιοιιιιι
560 1323 665 1392 quidam
689 1321 802 1402 fistqlae,
826 1321 872 1404 qui
897 1331 983 1375 tamen
1002 1338 1049 1373 au-

81 1405 184 1458 dientes
195 1423 247 1457 uon
262 1403 420 1468 oblectabat,
435 1413 465 1456 ut
482 1405 583 1470 fistula,
597 1407 644 1460 sed
662 1409 788 1474 terrebat,
806 1413 836 1459 ut
853 1407 925 1458 tuba.
961 1403 1051 1468 Quare

80 1487 196 1558 perculsi
212 1489 244 1540 ad
263 1505 333 1540 arma
356 1477 545 1542 concurrebant
562 1498 642 1562 atque
660 1508 763 1570 quos
742 1508 794 1542 ιιοιι
818 1489 943 1543 videbant
960 1487 1050 1541 hostes

80 1574 227 1638 vocabant3
246 1573 348 1642 quade
367 1591 444 1653 causa
461 1581 562 1646 noctem
580 1575 666 1631 redire
684 1551 820 1646 optabaul,
837 1552 959 1626 veluti
936 1591 991 1626 erus
1003 1575 1050 1645 ιιιι-Ι

80 1649 176 1710 nelicie
194 1655 311 1708 inducias
327 1643 438 1709 nacturi
487 1633 612 1726 Omnibus
637 1658 757 1740 quidem,
782 1657 881 1735 quibus
902 1675 972 1709 mens
1000 1673 1051 1710 nen

80 1745 140 1794 eret
157 1739 249 1804 laeva,
268 1743 415 1814 constabat,
434 1759 449 1794 a
466 1727 539 1820 Pane
556 1741 620 1822 haec
637 1758 695 1817 esse
712 1723 922 1794 terriculamenta
938 1739 1051 1811 auditio-
1117 1780 1119 1788 ,

78 1841 186 1921 aesque
201 1823 274 1876 hisce
296 1833 463 1878 succensente
488 1809 588 1878 ιιιιιιιίιι
615 1843 717 1878 causam
743 1833 832 1894 tamen
852 1793 1052 1906 haudquaquam

79 1907 216 1964 coniicere
220 1893 367 1978 poterant,
395 1927 453 1962 cum
474 1895 572 1962 nullom
591 1891 673 1962 Panis
701 1896 834 2007 templum·
843 1899 992 1988 direptum
1009 1923 1052 1960 es-

78 1993 138 2056 set,
169 1991 292 2044 donec
270 2009 338 2046 crrca
354 1991 485 2046 meridiem
498 1991 561 2052 belli
586 1975 720 2070 praefecto
743 2012 794 2082 ιιοιι
810 1993 866 2046 siue
896 1991 999 2057 nurnine
1024 1989 1051 2045 in

77 2093 199 2130 somnum
222 2075 306 2136 effuso
327 2052 462 2160 ipsemet
454 2061 509 2154 Pan
527 2077 590 2160 taliq
607 2076 737 2130 dicere
711 2069 783 2162 vique
799 2078 863 2132 luit.
925 2135 928 2145 ¹

76 2173 79 2178 '
152 2146 263 2212 XXVll.
299 2160 344 2224 „0
368 2161 479 2214 omnium
493 2145 689 2214 sceleratissimi
709 2165 790 2238 atque
806 2161 938 2214 sacerrimi
954 2169 1050 2214 morta-

14 2267 18 2274 ·
77 2243 182 2312 ,‚linm‚
213 2237 338 2314 quaenam
367 2263 446 2298 causa
470 2263 518 2298 vos
543 2245 653 2314 impulit
672 2253 745 2297 tauta
763 2241 886 2300 facinora
911 2245 1051 2298 furibunda

77 2334 189 2394 „mente
205 2329 332 2400 patrare?
358 2329 457 2408 Agrum
474 2329 542 2414 hune
558 2328 620 2380 mihi
637 2345 725 2404 carum
742 2328 798 2406 ausi
816 2327 880 2384 estis
891 2329 966 2393 bollo
983 2329 1051 2385 inle-

77 2412 187 2476 ,‚stare!
217 2401 301 2464 lloum
318 2420 433 2490 armenta
452 2419 479 2464 et
498 2429 634 2509 caprarqm
651 2416 760 2480 greges,
787 2413 832 2483 qui
847 2413 910 2466 mihi
927 2421 987 2466 sunt
1004 2431 1051 2466 cu-

77 2501 161 2561 ‚,rae',
185 2493 325 2564 abegistisl
354 2497 395 2546 Ab
419 2493 470 2547 aris
494 2495 557 2548 meis
583 2495 710 2575 virginem
734 2496 914 2562 abstraxistis,
944 2497 977 2548 de
1000 2474 1055 2566 quel

78 2581 181 2644 „Amor
199 2579 258 2632 uult
274 2579 388 2656 fabulam
404 2579 505 2632 lacere!
533 2577 604 2640 Quin
623 2595 708 2648 neque
725 2577 862 2657 Nymphas
879 2577 1053 2647 adspicientes

80 2681 148 2730 „nec
166 2681 209 2716 me
227 2661 302 2713 Pana
319 2649 426 2714 revelati
443 2662 519 2717 estis!
544 2661 715 2730 Quapropter
737 2679 823 2732 neque
846 2679 905 2714 eum
928 2661 1053 2716 eiusmodi

80 2747 258 2815 „navigantes
283 2743 372 2819 spoliis
397 2744 610 2840 Methymnam
596 2760 710 2826 Ιιιιιιιιιιιιι
732 2745 855 2797 videbitis
877 2761 976 2816 neque
987 2744 1054 2798 haue

79 2831 224 2899 ,‚fistulam,
245 2827 313 2906 qu'ae
329 2833 432 2880 vestros
450 2827 547 2900 auhnps
563 2811 601 2878 ita¹
618 2824 760 2898 perculsit,
776 2819 922 2910 effugietis,
939 2829 987 2882 sed
1004 2845 1053 2882 ves

80 2913 176 2978 „undis
200 2914 311 2968 obrutos
335 2911 404 2964 dabo
427 2886 551 3008 piscibus
564 2928 664 2977 escam,
691 2908 741 2964 nisi
762 2929 837 2982 quara
859 2887 992 2979 celerrime
1012 2911 1052 2966 bis

80 2995 232 3068 „Nymphis
257 2993 357 3048 Chloen
380 3003 408 3048 et
432 2995 539 3064 iusuper
563 2995 610 3048 hos
630 3012 745 3070 greges
751 2995 846 3048 Chloes
865 3004 893 3048 et
910 3013 1000 3068 capras
1024 3005 1056 3060 et¹

81 3098 167 3145 „oves
191 3079 346 3134 reddideris.
381 3079 491 3148 Surgito
514 3079 623 3153 proinde
642 3088 670 3132 et
686 3097 702 3132 e
718 3079 779 3132 navi
796 3079 907 3150 puellam
925 3098 983 3134 cum
1000 3079 1050 3146 his,

81 3183 171 3234 „quae
189 3163 251 3228 dixi,
269 3163 383 3218 educito.
418 3163 473 3218 Tui
497 3161 546 3216 tibi
564 3180 655 3218 cursus
671 3145 765 3218 ducem
786 3161 865 3218 illi'
839 3182 898 3217 vrae
915 3182 957 3218 me
972 3181 1050 3234 prae-

82 3251 180 3312 bebo
183 3253 201 3280 ‘⁴

149 3331 277 3386 xxvln.
284 3319 390 3388 Hisce
413 3333 530 3406 emmbqs
553 3337 734 3389 consternatus
750 3307 869 3403 Bryaxis
886 3309 980 3400 (illud
984 3331 1051 3385 euim

83 3405 175 3470 nomen
191 3417 253 3496 duci
270 3417 340 3484 erat)
365 3416 450 3484 exsilit
467 3425 495 3470 et
511 3419 615 3470 navium
637 3405 791 3469 ductoribus
814 3415 965 3468 convocatis
982 3415 1053 3468 inter

84 3501 203 3570 captivos
221 3517 297 3598 qaaps
317 3500 439 3554 citissime
456 3501 546 3572 quaeri
565 3485 665 3554 Chloen
680 3499 770 3578 iussit?
789 3497 834 3568 qui
850 3499 919 3552 illico
939 3516 995 3552 eam
1011 3499 1050 3552 in-

84 3592 211 3638 venerunt
229 3583 300 3637 etin
317 3584 374 3638 eius
391 3577 753 3656 conspectum'adduxeruut:
778 3583 888 3636 sedebat
906 3583 971 3637 enim
983 3583 1051 3654 pinu

85 3675 217 3722 coronata.
250 3667 299 3721 Ille
315 3686 380 3722 vero
396 3669 470 3725 hoc
462 3686 548 3746 ipsum
564 3686 616 3746 pro
628 3668 725 3722 iudicio
743 3674 771 3720 et
788 3675 941 3735 argumente
952 3667 1052 3722 babens

26 3811 28 3832 ι
85 3753 153 3816 eius,
173 3751 287 3822 quadan
303 3753 399 3820 somnis
415 3753 534 3817 viderat,
555 3738 623 3808 illam
639 3752 673 3820 ad
689 3751 810 3804 terram
802 3769 828 3804 ιιι
845 3751 903 3822 ipsa
918 3751 1053 3822 praetoria

26 3839 28 3907 ᾖ
84 3836 158 3890 sebit
174 3837 244 3889 aevi.
276 3835 331 3890 Vix
347 3836 391 3889 illa
407 3855 423 3891 e
438 3837 502 3891 mari
517 3837 545 3889 in
562 3843 660 3890 terram
677 3835 858 3900 descenderat,
876 3854 935 3890 cum
949 3834 1053 3888 listulae

789 3937 849 3996 112
