2988 4718
392 437 436 506 68
616 434 805 500 ΛΟΓΓΟΥ
827 433 1131 496 ΠΟΙΜΕΝΙΚΩΝ

392 601 540 681 Γνάθων,
564 602 664 690 (τουτὶ
684 586 744 689 γάρ
767 600 935 680 ἐκαλεῖτο),
961 599 1042 664 “τδν
1065 596 1199 682 πώγωνα
1221 596 1364 683 ξυρῶμε-
1375 620 1425 669 116

391 714 446 764 νος
474 685 581 752 πάλαι.
626 685 642 754 ὅ
672 689 705 752 δὲ
726 684 855 767 Λάμων
886 685 953 764 ἅμα
982 689 1021 769 τῇ
1049 681 1210 770 Μυρτάλη
1238 687 1289 750 καί
1317 691 1365 771 τῷ
1485 737 1486 764 ,

392 772 531 858 Δάφνιδι
557 772 617 858 πρὸ
647 777 710 836 τῶν
744 772 850 836 ποδῶν
885 769 982 834 αὐτοῦ
1018 768 1201 834 καταπεσῶν
1233 768 1365 833 ἱκέτευεν
1485 765 1486 786 ’

392 861 537 966 οίκτεῖραι
558 859 687 942 γέροντα
709 857 809 938 ἀτυχῆ
831 857 882 918 καί
904 850 1052 961 πατρρλας
1073 853 1167 940 ὀργῆς
1188 851 1364 939 ἐξαρπάσαι

390 943 445 1008 τὸν
467 943 557 1007 ουδέν
579 939 787 1024 ἀδικήσαντα·
819 939 886 1022 ἅμα
907 963 939 1002 τε
962 945 1047 1024 αυτῷ
1069 940 1227 1022 καταλέγει
1246 935 1362 1002 πάντα.

332 1093 334 1098 ,
391 1027 529 1114 οἶκτείρει
549 1028 606 1110 τὴν
629 1027 744 1090 ἱκεσίαν
766 1023 782 1090 ὃ
800 1023 948 1100 Ἀστύλος
962 1026 1012 1088 καὶ
1027 1025 1075 1086 ἐπὶ
1097 1022 1151 1087 τὸν
1172 1021 1364 1109 παράδεισον

392 1111 496 1178 έλθῶν
524 1113 574 1174 καὶ
605 1111 662 1193 τὴν
692 1106 846 1174 ἀπώλειαν
871 1115 935 1176 τῶν
957 1109 1067 1174 ἀνθῶν
1088 1107 1164 1172 ῖδῶν
1184 1107 1281 1184 αὐτὸς
1301 1107 1363 1193 ἕφη

389 1191 642 1281 παραιτήσεσθαι
663 1193 718 1258 τδν
738 1194 856 1278 πατέρα
871 1196 922 1258 καὶ
937 1190 1159 1278 κατηγοράσειν
1172 1199 1235 1258 τῶν
1245 1195 1362 1271 ἵππων,

391 1277 434 1355 ῶς
454 1282 518 1344 ἐκεῖ
535 1280 676 1354 δεθέντες
697 1276 863 1364 ἐξύβρισαν
885 1281 935 1344 καί
957 1278 1076 1360 τὰμὲν
1097 1277 1298 1356 κατέκλασαν,
1321 1277 1363 1342 τά

391 1364 425 1428 δὲ
446 1360 673 1446 κατεπάτησαν,
695 1363 736 1428 τά
758 1364 792 1427 δέ
814 1361 976 1448 ἀνῶρυξαν
990 1363 1147 1438 λυθέντες.
1170 1364 1217 1426 ἐπὶ
1238 1361 1364 1436 τούτοις

389 1445 522 1530 ηάχοντο
543 1450 601 1529 μὲν
622 1448 708 1534 αὐτῷ
720 1445 824 1512 πάντα
837 1447 878 1512 τά
892 1447 1001 1530 ἀγαθδ
1014 1445 1144 1529 Λάμων
1158 1449 1209 1512 καί
1223 1444 1364 1533 Μυρτά-

390 1537 448 1615 λη·
491 1531 617 1618 Δάφνις
646 1533 681 1598 δὲ
712 1534 799 1618 δῶρα
820 1530 1042 1640 προσεκόμισεν
1063 1534 1204 1619 ἐρίφους,
1235 1528 1360 1642 τυρούς,

390 1616 522 1703 ὄρνιθας
550 1620 601 1681 καί
622 1617 662 1682 τοὶ
686 1615 794 1702 έκγονα
816 1623 933 1696 αοτῶν,
965 1615 1083 1704 βότρυς
1107 1619 1156 1680 ἐπὶ
1182 1622 1360 1699 κληματων,

388 1708 476 1785 μῆλα
502 1705 550 1772 έπλ
580 1701 714 1768 κλάδων.
751 1696 790 1784 ἦν
817 1703 849 1768 έν
876 1712 942 1778 τοῖς
970 1699 1083 1787 δώροις
1110 1704 1162 1766 καὶ
1182 1701 1362 1784 ἀνθοσμίας

332 1792 382 1839 108
394 1785 498 1863 “abac
517 1789 668 1870 Λέσβιος,
690 1792 831 1869 ποθῆναι
852 1781 1017 1862 κάλλιστος
1039 1784 1132 1862 οἶνος.

392 1911 395 1918 ’
452 1909 505 1968 11.
535 1901 573 1969 ‘0
602 1905 659 1984 μέν
691 1903 731 1985 δὴ
757 1903 911 1980 Ἀστύλος
942 1904 1042 1989 ἐπῄνει
1071 1910 1174 1969 ταῦτα
1205 1906 1255 1968 καὶ
1291 1906 1362 1992 περὶ

387 1985 495 2072 θήραν
516 1985 574 2070 εἶχε
596 1992 740 2070 λαγωῶν,
771 1984 823 2051 οἷα
851 1985 999 2064 πλούσιος
1027 1991 1184 2064 νεανίσκος
1212 1991 1262 2052 καὶ
1283 2014 1361 2074 τρυ-
1396 2027 1402 2038 ·

388 2079 470 2156 φῶν
485 2071 533 2134 ἀεὶ
560 2073 612 2134 καὶ
643 2071 812 2156 ἀφιγμένος
840 2075 883 2148 εἰς
909 2073 965 2137 τὸν
993 2073 1088 2158 ἀγρὸν
1118 2077 1161 2148 εἰς
1187 2069 1362 2138 ἀπόλαυσιν

389 2155 476 2238 ξένης
494 2153 618 2238 ἡδονῆς.
642 2151 658 2218 ὃ
682 2157 717 2218 δὲ
739 2154 890 2233 Γνάθων,
921 2154 972 2220 οἷα
991 2155 1109 2239 μαθῶν
1136 2159 1271 2224 ((έσθίειν
1300 2157 1358 2222 ἀν-
1371 2161 1421 2210 11⁷

387 2246 519 2326 θρωπος
549 2242 600 2302 καλ
630 2241 726 2310 Ιπίνειν
754 2242 797 2315 είς
822 2241 927 2322 μέθην
950 2245 1000 2304 καλ
1028 2239 1182 2326 λαγνεύειν
1202 2241 1281 2324 μετά
1301 2243 1361 2326 τὴν

386 2327 490 2429 μέθην
519 2327 570 2388 καὶ
599 2323 689 2388 οὐδέν
718 2322 794 2388 ἀλλο
822 2323 866 2398 ῶν
893 2323 914 2407 ἢ
941 2324 1062 2409 γνάθος
1088 2329 1142 2394 καλ
1167 2327 1286 2414 γαστὴρ
1308 2329 1361 2392 καί
1484 2371 1485 2396 ι

340 2443 371 2466 κ
387 2410 428 2474 τδ
447 2408 515 2480 Ιυπὸ
543 2410 695 2494 γαστέρα,
724 2409 760 2484 οὗ
793 2410 955 2494 παρέργως
986 2409 1044 2475 εἶδε
1077 2411 1132 2477 τδν
1161 2410 1288 2498 Δάφνιν
1320 2412 1361 2477 τδ

388 2496 483 2582 δῶρα
497 2495 688 2574 κομίσαντα·
726 2493 807 2556 ἀλλὰ
828 2497 880 2557 καὶ
901 2493 992 2580 φάσει
1012 2496 1222 2646 παιδεραστης
1243 2495 1287 2564 ὢν
1308 2500 1360 2561 καλ

387 2577 501 2655 κάλλος
525 2575 593 2644 οἷον
621 2579 694 2644 οὐδέ
726 2579 774 2646 ἐπὶ
805 2585 863 2661 τῆς
893 2577 1012 2656 πόλεως
1042 2577 1154 2668 εὖρῶν,
1205 2583 1359 2648 πιθέσθαι

388 2666 496 2748 διέγνω
515 2671 561 2751 τῷ
582 2661 722 2748 Δάφνιδι
744 2665 797 2726 καὶ
816 2665 930 2728 πείσειν
956 2664 1033 2752 ᾤετο
1063 2665 1180 2773 ῥηιδίως
1202 2662 1246 2743 ῶς
1267 2664 1359 2732 ιιίπά-

369 2754 453 2813 ’λον
499 2748 592 2832 γνοδς
622 2750 657 2817 δέ
692 2755 792 2815 ταῦτα
826 2746 933 2835 θήρας
960 2751 1018 2831 μίν
1046 2771 1103 2814 ουκ
1132 2745 1282 2816 έκοινῶνει
1314 2757 1359 2837 τῷ

382 2830 539 2916 Ἅστάλῳ,
577 2832 692 2897 καττῶν
713 2833 748 2896 δέ
766 2834 821 2894 ἵνα
841 2832 944 2914 ’ἔνεμεν
972 2831 989 2898 ὃ
1011 2833 1137 2921 Δάφνις
1144 2833 1171 2915 ,’
1191 2833 1273 2922 λόγῳ
1301 2837 1359 2924 μὲν

386 2911 587 2997 τῶνάλγῶν,
624 2916 661 2979 τδ
691 2916 725 2978 δέ
753 2916 871 2998 ἀληθὲς
891 2916 1056 3030 Δάφνιδος
1084 2921 1196 3003 ἐγίνετο
1227 2921 1356 3004 θεατής.

385 2995 594 3080 μαλθάσσωντ
615 3000 651 3062 δὲ
679 2998 775 3064 αὐτὸν
795 2999 854 3076 τάς
874 3027 908 3068 τε
929 3027 1018 3087 αιγας
1038 3003 1138 3090 ἐπῄνει
1160 3007 1212 3068 καὶ
1234 3008 1359 3091 συρίσαι

384 3083 421 3148 τδ
443 3081 601 3150 ολπολαιδν
621 3081 752 3163 ἠξίωσε·
776 3087 827 3147 καί
849 3085 909 3170 ἔφη
930 3090 1048 3170 ταχέως
1069 3090 1234 3178 ἐλεύθερον
1247 3089 1359 3176 θήσειν

386 3167 422 3242 τὸ
443 3173 506 3230 πᾶν
528 3163 709 3247 δυνάμενος.
754 3215 756 3220 -
1111 3195 1115 3202 ·

449 3288 499 3353 12.
532 3280 588 3361 Ὡς
620 3286 655 3349 δὲ
688 3282 747 3350 εἶδε
777 3284 947 3374 χειροήθη,
997 3288 1117 3378 νύκτωρ
1152 3291 1290 3375 λοχήσας
1326 3293 1358 3356 ἐκ

383 3374 440 3453 τῆς
465 3375 565 3467 νομῆς
593 3367 763 3436 έλαάνοντα
790 3373 849 3448 τάς
876 3371 966 3459 αἶγας
995 3382 1120 3464 πρῶτον
1147 3378 1206 3456 μέν
1232 3379 1357 3462 ἐφίλησε

434 3588 509 3656 μῆλα
525 3586 557 3640 δὲ
574 3589 608 3641 V.
625 3587 700 3656 μῆλά
717 3607 745 3643 τε
763 3592 792 3646 S.
811 3591 843 3643 C.

434 3678 475 3724 11.
504 3671 552 3724 καὶ
568 3672 713 3740 λαγνεύειν
729 3670 799 3742 μετὰ
814 3669 865 3740 τὴν
879 3677 971 3743 μέθην
987 3695 1037 3732 om.
1054 3678 1087 3731 V.
1111 3679 1138 3730 S.
1166 3707 1199 3722 -
1231 3681 1280 3733 καὶ
1297 3635 1357 3734 {nte

385 3732 482 3799 κάλλος
499 3755 547 3792 om.
565 3739 599 3792 V.
623 3739 651 3793 Sa

437 3829 477 3878 12
494 3816 551 3893 εἶχε
569 3841 618 3893 pro
632 3817 689 3878 εἶδε
707 3826 740 3880 V.
758 3825 787 3878 S.
