2988 4718
293 548 296 552 ,
411 477 567 541 ΛΟΓΟΣ
601 477 845 543 ΤΕΤΑΡΤΟΣ
1069 485 1111 545 m

134 645 189 710 καλ
212 645 296 720 ξένος
316 641 453 720 ἐπιστάς.
492 642 724 754 άποκειιόσμητο
750 643 859 756 γδρι
844 645 977 724 οτόπος
998 649 1048 712 καὶ
1069 639 1108 758 ήν

133 725 246 794 λοιπόν
266 725 394 792 πεῖσαί
417 735 457 812 γῆ
478 725 632 812 πηλιόδης.
668 755 734 794 των
755 732 789 796 δ
774 731 843 840 ἑνεί
856 757 886 796 τι
908 733 1085 842 διέφυγε
1050 759 1107 844 τηγ

132 815 249 900 ὕβριν,
261 806 409 896 ιλπήνθει
437 815 488 876 καὶ
516 813 583 895 66
584 839 633 878 ιπε
661 817 713 876 καὶ
733 809 790 898 66
794 814 838 881 έτι
860 817 1025 881 καλόνκαὶ
1047 820 1108 881 κεί-

132 923 241 981 μενον.
279 897 316 961 έπ
317 897 429 962 έκειντο
459 899 493 964 δὲ
521 899 627 974 αιἰτοῒς
654 901 705 962 καλ
732 891 871 981 μέλιτται
900 903 1023 1007 συνεχές
1056 905 1108 965 καὶ

135 983 298 1046 ἄπαυστον
291 979 499 1091 βομβοῦσαι
520 985 572 1046 καὶ
578 980 819 1093 θρηνοήσαις”
801 1011 918 1067 ομοιον
942 1012 957 1050 ο
975 1013 1032 1067 μεν
1046 985 1106 1072 γάρ

134 1064 302 1148 Λάμωνς
284 1067 336 1129 vn'
360 1064 455 1130 2'66
457 1070 531 1143 ξεως
551 1077 675 1131 κακεῖνα
697 1067 841 1152 ἔλεγεν
830 1077 906 1156 »φεῦ
928 1077 985 1175 τής
1006 1071 1107 1178 ῥοδω-

132 1159 232 1230 ινιοῖς,
270 1149 313 1228 ὥς
282 1066 593 1216 “κατακίκλασταιλ
629 1158 687 1238 φεῦ
709 1161 767 1238 τῆς
788 1155 909 1230 ι’ωνιᾶς,
944 1179 988 1230 ως
1007 1153 1107 1218 πεπά-

131 1244 281 1346 στηταιί
295 1241 354 1322 φεῦ
384 1241 447 1302 τῶν
474 1229 635 1301 ὑακίνθων
662 1240 713 1300 καὶ
742 1245 805 1302 τῶν
831 1240 1024 1388 ναρκίσσων,
1053 1239 1108 1316 σός

130 1318 303 1429 ιάνιόρυξέ
310 1346 358 1396 τις
360 1320 513 1430 πονηρός
534 1319 719 1432 άνθρωποςί
755 1321 997 1432 άφίξεταιδη
918 1349 937 1388 τ
969 1317 1044 1434 ήκρ,
1065 1325 1106 1387 uz

130 1405 241 1470 »δὲ’
208 1430 263 1468 ουκ
284 1403 427 1488 ἀνθήσει.
451 1405 537 1470 έσται
558 1406 594 1470 τό
611 1407 720 1514 θέρος,
743 1407 783 1471 τιλ
805 1408 894 1472 66³
860 1433 916 1472 ουκ
938 1405 1101 1488 “οἰκμάσει.
1115 1420 1166 1472 106

131 1487 354 1577 »μετόπωρον,
388 1490 468 1552 άλλιλ
490 1487 564 1554 τάδε
586 1489 697 1554 οὐδένα
720 1490 919 1599 στεφανώσει.
957 1493 1088 1556 οὐδὲ
1053 1519 1101 1569 ου,

129 1575 287 1638 »δέσποτα
308 1573 458 1654 Διόνυσε,
481 1581 521 1638 τιλ
544 1573 643 1638 άθλια
663 1581 763 1640 ταῦτα
784 1576 918 1682 ήλέησας
939 1575 1034 1660 άνθη,
1059 1575 1107 1654 υις

130 1657 305 1745 »παρῴκεις
325 1661 374 1722 καὶ
397 1658 528 1740 ἔβλεπες,
563 1658 619 1744 ἀφ’
643 1649 687 1722 ὧν
708 1657 909 1770 δστεφάνωσά
932 1685 965 1724 σε
986 1661 1104 1724 πολλά-

130 1769 199 1818 ικις
217 1769 268 1806 και
258 1741 473 1850 ἔτερπόμην;
493 1749 569 1822 πῶς,
587 1749 654 1818 πῶς
670 1745 811 1818 δείξω
772 1769 828 1808 νυν
848 1744 903 1808 τόν
916 1744 1105 1830 παράδεισον

130 1833 198 1912 ’τῷ
228 1825 377 1936 δεσπότης
411 1829 460 1904 τςί
490 1830 604 1902 ἐκεῖνος
635 1826 875 1908 θεασάμενος’
864 1830 971 1910 6662,-
1007 1837 1105 1937 κρεμᾷ

63 1945 146 1998 115
132 1891 283 2059 γέροντα
318 1911 515 2019 λ’άνθρωπον
551 1913 584 1975 ἐκ
592 1917 693 2018 μιᾶς
726 1911 886 1988 πίτυος“
863 1939 906 1988 ως
932 1881 1104 1999 ίλίαρσόαν·

81 1993 232 2079 ,τάχα
261 1997 295 2060 δέ
320 1999 371 2060 καὶ
398 1993 543 2083 Δάφνιν,
580 1991 623 2074 ὥς
654 2002 718 2061 τῶν
749 2000 844 2089 αἲγιϊιν
871 2003 972 2064 ταῦτα
1002 2001 1104 2084 ειργα-

129 2083 294 2164 σμένωνα

196 2187 228 2248 9
251 2173 427 2290 Δάκρυα
405 2207 445 2265 ην
466 2183 514 2246 ἐπὶ
534 2181 657 2259 τούτοις
678 2180 780 2289 666'
736 2207 856 2294 μοτερα
876 2185 927 2248 καλ
949 2183 1104 2292 ἐθρήνουν

128 2293 172 2336 ov
157 2267 232 2332 ’τιλ
254 2265 339 2372 άγθη
361 2267 479 2347 λοιπόν,
503 2267 583 2333 άλλδ
604 2265 704 2332 16‘
666 2276 770 2334 αυτῶν
791 2267 933 2376 σώματα.
979 2267 1104 2354 ἐθρήνει

127 2355 184 2418 καλ
211 2347 302 2462 Χλόή
329 2349 457 2460 Δάφνιν
487 2355 513 2416 6
546 2349 730 2460 κρεμήσεται
763 2355 815 2416 καὶ
850 2351 960 2459 ηόχετο
995 2355 1104 2436 μηκέτι

127 2440 236 2503 ἐλθεῖν
267 2436 322 2501 τόν
353 2433 507 2544 δεσπότην
537 2437 641 2501 αότῶν
667 2439 720 2499 καλ
745 2433 863 2522 ἡμέρας
891 2434 1022 2544 διήντλει
1042 2463 1104 2520 μο-

123 2517 311 2632 χθηράς,“
289 2545 332 2595 ως
351 2517 413 2602 666
433 2517 561 2624 Δάφνιν
580 2519 740 2626 βλέπουσα
760 2519 1017 2629 μαστιγούμενον.
1053 2523 1105 2584 καλ

126 2607 192 2690 666
213 2603 325 2679 νυκτὸς
346 2603 519 2710 ἀρχομένης
547 2601 753 2710 ὃίίόδρομος
780 2603 888 2678 αὐτοῖς
908 2601 1103 2712 ἀπήγγελλεν,
1192 2686 1197 2694 1

128 2691 177 2756 ὅτι
199 2687 217 2755 ὃ
239 2689 298 2791 μὲν
318 2685 532 2796 πρεσβύτερος
549 2685 702 2770 δεσπότης
720 2687 800 2794 μεθ’
823 2685 942 2794 ἡμέρας
963 2687 1104 2774 άφίξεται

127 2785 230 2883 τίς,
246 2798 263 2836 ο
250 2767 321 2834 66
341 2781 415 2846 παῖς
436 2771 532 2834 αὐτοῦ
561 2777 633 2878 τής
645 2767 789 2852 έπιοόσης
815 2767 945 2882 πρόεισι.
996 2774 1123 2855 σκέψις·

130 2886 188 2926 ουν
208 2851 248 2942 ἦν
269 2853 347 2966 υπέρ
368 2861 433 2920 τῶν
454 2850 697 2964 συμβεβηκότων
726 2855 777 2918 καλ
804 2856 950 2921 κοινωνόν
979 2859 1021 2934 εἰς
1046 2883 1066 2923 τ
1086 2883 1104 2924 ν

129 2941 257 3050 γνάμηγ
277 2939 332 3006 τδν
353 2937 521 3049 Εόδρομον
533 2937 798 3050 παρελάμβανον·
836 2967 853 3005 ο
841 2937 966 3006 ‘66²'
931 2965 1038 3018 ευνους
1059 2969 1103 3008 ων

130 3035 177 3116 τῷ
198 3023 338 3114 Δάφνιδι
359 3022 488 3134 παρήκει
509 3024 545 3089 τὸ
569 3023 695 3106 συμβὰν
715 3021 906 3108 ὁμολογήσαι
930 3024 1161 3114 “6606606106

131 3137 170 3200 τη
201 3115 262 3220 νέῳ
291 3107 440 3216 δεσπότῃ,
477 3111 529 3173 καὶ
559 3109 654 3186 αὐτὸς
687 3109 876 3215 συμπράξειν
905 3111 1101 3196 ἐπηγγέλλετο

131 3175 304 3278 τιμώμενος
339 3192 381 3270 ὥς
417 3191 648 3278 ὁμογάλακτας·
691 3197 743 3258 καὶ
783 3192 902 3281 ἡμέρας
940 3198 1104 3280 γενομένης

135 3281 233 3357 οὕτως
254 3280 413 3362 ἐποίησαν.

195 3387 249 3448 1⁰.
270 3371 350 3446 Ηκε
402 3379 433 3445 ἓν
461 3376 478 3444 6
503 3377 653 3456 Ἀστόλος
674 3379 757 3444 376⁰
743 3405 837 3446 ιππου
859 3381 910 3444 καὶ
931 3379 1104 3487 παράσιτος

134 3466 245 3548 αὐτοῦ,
267 3465 319 3529 καλ
341 3489 432 3541 ουτος
452 3465 536 3528 έπλ“
522 3486 633 3530 ιππσο·
672 3490 689 3528 ο
676 3461 767 3546 μέν
773 3512 783 3544 ,
807 3463 1044 3552 ἀρτιγένειος,“
1029 3493 1045 3530 ο
1068 3467 1103 3531 δέ

136 3649 248 3755 οιιυνε
268 3639 307 3695 εἷς
322 3651 370 3704 pro
388 3633 501 3716 συνεχὲς
517 3635 550 3685 λλ.
574 3633 666 3689 S.-
698 3633 745 3684 καὶ
772 3628 928 3706 ἐτερπόμην
944 3651 996 3692 om.
1022 3636 1055 3688 V.
1073 3635 1101 3688 S.

182 3709 342 3756 -terum
357 3701 417 3760 πῶς
434 3719 484 3754 om.
502 3701 536 3754 V.
554 3703 629 3754 S.-
648 3701 687 3760 τίς
702 3699 843 3757 ἐκεῖναί).

136 3701 209 3839 09.
226 3787 338 3854 σκέψεις
355 3773 407 3838 σόν
423 3779 477 3837 6⁷16
479 3803 497 3856 ρ
513 3785 547 3837 λλ.
565 3783 594 3839 S.

187 3861 366 3930 10.”Αστιιλος
382 3871 416 3926 λλ.
428 3869 456 3924 S.
468 3868 500 3920 0.
513 3872 541 3922 et
557 3868 595 3922 εἰσ
612 3867 733 3939 ubique
725 3887 752 3922 ιιι
769 3886 843 3940 seqq.

848 3955 904 4014 162
