2920 4730
359 436 435 501 LlB.
457 438 504 500 lll.
523 449 525 454 '
550 437 635 502 CAP.
652 439 714 502 XV.
729 439 806 504 XVl.
1004 437 1068 502 m

93 597 182 668 Λάβα
199 604 247 655 τοῦ
265 606 390 673 γείτονος
407 600 465 664 υἱὸς
489 611 550 659 ante
575 606 666 660 oculos
690 605 803 669 habens,
829 601 928 674 Asido,
945 607 975 661 ld
993 613 1067 660 reete

93 686 233 740 Schaefer.
251 690 279 740 et
297 688 342 757 qui
360 707 418 742 enm
436 691 520 742 secuti
537 697 598 744 sunt
615 689 732 744 editores
749 697 906 760 spreverunt
923 693 961 759 (v.
978 691 1066 762 impri-

94 771 144 824 mis
161 772 309 839 Passow.)‚
327 773 390 826 nihil
407 779 493 848 temon
511 776 672 845 probabilius
689 777 860 846 proferentes.
895 776 1067 846 Numaeque

94 856 233 910 Schaeieri
250 856 337 924 δῆθεν
353 877 438 929 neque
455 860 574 912 Courerii
592 859 700 928 ἐκείνην
717 878 750 914 ex
768 878 799 914 eo
811 867 872 913 sunt
884 877 989 912 numero
1001 877 1068 928 quoe

96 938 155 1007 quis
182 941 266 1008 possit
283 943 404 1010 probare,
422 943 494 1012 quod
512 944 589 998 ctiam
607 943 735 998 intellexit
752 944 895 1011 lacobsius‚
914 960 1068 1013 quemquem

97 1023 162 1087 eius,
181 1041 256 1093 quern
274 1027 422 1094 posteriore
438 1029 587 1098 nuncupavi
604 1029 671 1092 loco,
689 1028 741 1082 viri
758 1028 832 1080 docti
850 1028 1026 1082 coniecturam
1042 1026 1069 1078 in

97 1108 259 1162 Germanicis
282 1111 418 1179 expressit.
452 1113 594 1180 Vulgatanr
617 1113 749 1182 explicare
771 1113 859 1168 consti
880 1119 943 1164 suut
968 1109 1069 1164 Alberti

97 1191 131 1242 nd
149 1192 265 1260 Hesycb.
283 1200 303 1247 t.
316 1194 352 1248 ll.
377 1213 402 1264 p.
414 1199 474 1248 406.
493 1202 521 1248 et
537 1196 607 1262 Vill.‚
624 1196 668 1248 illa
684 1202 715 1250 nt
732 1193 819 1262 λαβὴν
835 1197 868 1250 ad
885 1199 1006 1264 γυναῖκα
1024 1213 1069 1248 ro·

96 1276 189 1339 ferret,
213 1277 288 1345 quasi
308 1282 428 1346 γυναῖκα
453 1279 561 1348 Longus
582 1284 691 1332 vocaret
716 1275 802 1346 λαβὴν
820 1286 996 1346 praetentum,
1025 1279 1069 1331 hic

97 1365 129 1414 ut
146 1357 231 1427 λαβὴν
248 1363 433 1418 adverbialiter
449 1364 563 1432 positum
586 1381 644 1419 esse
661 1364 809 1434 acciperet,
834 1364 873 1418 ite
889 1369 920 1417 ut
937 1363 1005 1416 idem
1022 1363 1067 1428 sit,

96 1445 170 1513 quod
186 1440 339 1517 πρόφασιν.
373 1447 428 1500 Sed
444 1448 511 1500 baec
529 1449 590 1502 le.
612 1448 680 1502 ratio
700 1449 750 1516 (ut
771 1449 805 1500 de
827 1448 958 1502 sententia
974 1447 1068 1500 Alben-

96 1528 268 1599 deaceae)
287 1531 312 1584 in
330 1549 362 1584 eo
378 1531 459 1584 habet
475 1532 582 1586 multum
605 1531 772 1596 offensionis,
797 1532 869 1600 qnod
890 1539 946 1584 tum
968 1532 994 1582 in
1017 1532 1068 1582 alio

96 1613 160 1666 sede
180 1621 251 1668 esset
267 1615 445 1668 collocandum
466 1615 518 1668 boc
539 1617 649 1668 verbum
672 1621 700 1668 et
717 1615 788 1684 quod
812 1613 867 1666 eins
885 1630 917 1666 ca
935 1614 1067 1682 significu-

96 1696 168 1750 tione
187 1702 327 1767 usurpatae
344 1698 418 1752 vocis
436 1699 553 1768 exempla
570 1697 759 1752 desiderantur.
800 1696 942 1766 Reperitur
963 1698 1068 1766 quidem

94 1777 181 1846 λαβὴν
197 1781 382 1834 adverbialiter
405 1789 576 1850 usurpatum,
592 1781 641 1834 sed
666 1781 716 1834 alia
740 1780 941 1848 significatione.
975 1782 1068 1834 Arsen.

95 1871 185 1916 narrat
202 1864 229 1916 in
247 1865 344 1918 Violct.
361 1883 389 1934 p.
403 1870 467 1920 128:
481 1861 511 1918 ‘O
519 1861 687 1932 Ἀλκιβιάδης
699 1860 807 1933 ἐλήφθη
825 1859 913 1932 λαβὴν
925 1862 956 1915 ἰν
967 1865 1069 1915 παλαί-

96 1963 174 2017 στρᾳ,
192 1945 290 2017 καὶμὴ
308 1945 466 2018 δυνάμενος
486 1953 588 2018 φυγεῖν
606 1948 689 2001 ἔδακε
710 1943 758 2012 τὴν
771 1951 853 2015 χεῖρα
873 1951 921 2000 τοῦ
939 1965 1068 2002 καταπα-

95 2032 229 2091 λαίοντος.
248 2033 289 2085 cf.
307 2030 386 2084 Phot.
399 2031 465 2086 Lex.
482 2049 504 2085 s.
516 2033 542 2085 b.
554 2051 580 2086 v.
598 2032 683 2088 Boiss.
701 2032 865 2103 suspicatur:
883 2027 920 2092 ὥς
931 2029 1006 2100 παρὰ
1018 2029 1068 2099 τὴν

95 2119 216 2186 γυναῖκα
227 2118 324 2184 λαβεῖν
333 2135 360 2170 τι
370 2112 421 2184 τὴν
431 2120 497 2172 rtnr.
510 2113 560 2172 oin.

164 2197 201 2254 ἔν
214 2188 230 2272 ᾖ
243 2200 398 2269 ἐκαθέζετο]
416 2201 556 2269 Wytteab.
572 2197 621 2272 ὑφ’
635 2187 660 2274 ᾗ.
680 2169 762 2256 (tour.
781 2200 853 2256 ἔνθα
871 2205 919 2256 ant
934 2201 988 2254 ἵνα.
1015 2201 1067 2254 Fa-

95 2283 171 2339 cilius
188 2289 272 2338 essest
288 2281 332 2355 isp'
346 2273 372 2357 ᾗ.
407 2284 462 2337 Sed
484 2285 603 2338 fortassis
628 2304 662 2338 ne
684 2285 737 2340 hoc
759 2285 863 2355 quidem
885 2285 1067 2340 necessarium.

95 2370 131 2421 V.
148 2370 233 2424 locum
250 2370 353 2422 Platon.
371 2369 422 2436 leg.
441 2369 458 2423 l.
470 2369 493 2422 Ι.
511 2387 536 2437 p.
549 2369 648 2424 625.st
666 2363 823 2420 ἀνάπαυλαι
841 2367 873 2422 ἐν
884 2374 941 2428 τοῖς
952 2364 1069 2436 ὑψηλοῖς

95 2453 242 2522 δένδρεσιν
260 2453 313 2506 stoi
334 2451 446 2522 σκιαραὶ
465 2469 481 2504 e
497 2452 594 2505 Mettb.
612 2453 661 2506 Gr.
681 2453 731 2505 Gr.
748 2470 775 2521 p.
787 2458 862 2505 11³9.
879 2454 990 2506 allatum.
1025 2453 1066 2506 Cf.

93 2537 220 2592 Philostr.
236 2538 309 2588 Imm.
325 2535 343 2587 l.
355 2534 378 2588 I.
396 2552 418 2586 o
430 2539 473 2590 22.
490 2535 526 2590 in.
544 2533 642 2595 Μίδας
653 2531 739 2593 αὐτὸν
751 2530 812 2602 (τὸν
822 2529 964 2602 Σάτυρον)
977 2564 1011 2576 -
1022 2552 1067 2588 τε·

93 2617 220 2689 θήρανεν
231 2617 263 2672 ἐν
275 2620 386 2688 Φρυγίᾳ
397 2631 431 2660 -’
442 2614 491 2684 τὴν
502 2615 604 2688 κρήνην
623 2614 795 2687 ciromines,
824 2617 855 2670 dv
866 2604 883 2690 ᾗ
895 2621 988 2689 seiros.
1005 2620 1067 2672 uu-

92 2706 177 2760 matlr.
189 2723 216 2774 p.
224 2708 284 2759 440.
298 2706 384 2774 θροῦς
394 2691 472 2770 ἦνζέν
482 2703 569 2774 βωμῷ
581 2705 628 2756 καὶ
640 2699 793 2776 σύμμικτος
801 2700 864 2771 βοή.
924 2710 926 2716 “
963 2715 966 2722 ’

165 2787 197 2844 ἐκ
208 2783 261 2859 γάρ
270 2805 321 2858 μοι
333 2787 389 2840 τῶν
395 2787 504 2856 χηνῶν]
523 2787 656 2842 Notabilis
673 2795 714 2842 est
727 2788 792 2840 baec
808 2786 1009 2857 praepositionis
1025 2804 1068 2845 sc·

93 2873 195 2930 iunctio
207 2889 224 2926 o
235 2870 409 2926 substantivo.
426 2871 460 2926 V.
473 2874 573 2936 Sclooef.
586 2874 683 2941 Appar.
696 2871 741 2926 (tr.
754 2871 787 2927 ad
796 2871 932 2924 Demostb.
944 2877 963 2926 t
975 2872 1025 2926 Ill.
1042 2891 1068 2942 p.

93 2961 154 3012 428.
189 2957 232 3010 cf.
250 2955 329 3008 etiam
345 2953 400 3008 t.I.
424 2973 449 3024 p.
462 2959 522 3008 ost.
547 2954 670 3008 Eumatb.
689 2973 714 3024 p.
726 2959 785 3007 202.
802 2951 871 3025 μετὰ
881 2958 954 3024 γοῦν
965 2951 999 3024 δὴ
1010 2973 1068 3012 πο·

94 3034 271 3099 lectisternio
282 3033 396 3110 τροφάς.
431 3037 472 3090 Cf.
491 3036 614 3107 imprimis
632 3039 781 3114 Bernhardy
797 3037 876 3106 Synt.
893 3029 926 3108 p.‘
933 3046 992 3094 198.

164 3123 221 3176 τῶν
233 3126 331 3184 εἴκοσι]
349 3122 430 3176 Cour.
450 3123 553 3174 confert
570 3121 604 3174 V.
622 3122 657 3173 G.
674 3139 735 3192 pag.
747 3128 807 3177 251.
823 3125 900 3180 Hom.
920 3125 973 3180 od.
991 3124 1067 3190 XIX,

94 3213 162 3263 5³62
175 3207 260 3276 χῆνές
269 3225 319 3277 μοι
330 3204 399 3260 κατὰ
412 3201 492 3262 οἶκον
505 3205 625 3260 ἐείκοσιν
636 3201 728 3274 πυρὸν
739 3206 869 3276 ἔδουσιν]

162 3289 217 3346 ttl’
230 3293 277 3360 sis]
296 3292 342 3346 Sic
361 3292 441 3346 Cour.
458 3309 491 3346 ex
507 3303 570 3349 AB·
604 3290 693 3358 Vulgo
710 3287 780 3342 ἀλλὰ
793 3292 863 3358 εἴη

162 3372 294 3430 εἰσελθών
310 3377 347 3436 εὶς
365 3371 413 3441 τὴν
433 3375 501 3440 ὕλην
520 3370 610 3444 (μόνη
622 3369 687 3441 ’γὰρ
706 3373 840 3440 δέδοικα)
854 3370 946 3428 σῶσόν
956 3394 1006 3446 μοι
1017 3374 1065 3432 τὸν
1162 3419 1168 3426 .

92 3461 177 3529 χῆνα]
194 3461 241 3514 Sic
257 3458 352 3528 scripsi
368 3477 401 3512 cx
417 3470 451 3521 Δ,
470 3458 515 3527 qui
532 3457 637 3526 quidem
655 3456 714 3508 ood.
730 3452 860 3525 τὴνχῆνα
872 3475 920 3527 pro
933 3457 1064 3529 ιόνχῆνα

96 3545 208 3600 exbibet.
243 3543 358 3613 Vulgata
375 3542 472 3610 legitur
488 3541 515 3594 iu
534 3541 592 3596 Vill.
616 3547 645 3594 et
661 3541 765 3595 Sohaef.
783 3541 948 3596 editionibus.
983 3545 1064 3598 Cete-

93 3647 151 3684 rum
169 3646 216 3700 pro
235 3623 367 3682 εϊσελθών
383 3625 453 3678 haud
470 3624 549 3680 dubie
566 3643 624 3682 cum
640 3626 758 3682 Passow.
777 3625 903 3681 Courcrio
921 3636 948 3682 et
960 3629 1065 3685 Iacobs.

93 3714 256 3792 scribendum
275 3717 314 3768 cst
332 3703 525 3768 carantana
