<?xml version="1.0" encoding="UTF-8"?>
<!DOCTYPE html PUBLIC "-//W3C//DTD XHTML 1.0 Transitional//EN"
    "http://www.w3.org/TR/xhtml1/DTD/xhtml1-transitional.dtd">
<html xmlns="http://www.w3.org/1999/xhtml" xml:lang="en" lang="en">
 <head>
  <title>
</title>
<meta http-equiv="Content-Type" content="text/html;charset=utf-8" />
  <meta name='ocr-system' content='tesseract 3.04.00' />
  <meta name='ocr-capabilities' content='ocr_page ocr_carea ocr_par ocr_line ocrx_word'/>
</head>
<body>
  <div class='ocr_page' id='page_1' title='image "./longipastoralia00brungoog_0008.png"; bbox 0 0 2900 4736; ppageno 0'>
   <div class='ocr_carea' id='block_1_1' title="bbox 252 1115 937 1255">
    <p class='ocr_par' dir='ltr' id='par_1_1' title="bbox 252 1115 937 1255">
     <span class='ocr_line' id='line_1_1' title="bbox 252 1115 937 1255; baseline 0.001 -14"><span class='ocrx_word' id='word_1_1' title='bbox 252 1115 937 1255; x_wconf 75' lang='lat' dir='ltr'><strong>annuunnuo</strong></span> 
     </span>
    </p>
   </div>
   <div class='ocr_carea' id='block_1_2' title="bbox 67 1469 1078 1694">
    <p class='ocr_par' dir='ltr' id='par_1_2' title="bbox 67 1469 1078 1696">
     <span class='ocr_line' id='line_1_2' title="bbox 67 1469 1077 1592; baseline -0.001 -20"><span class='ocrx_word' id='word_1_2' title='bbox 67 1469 72 1475; x_wconf 19' lang='grc' dir='ltr'>ι</span> <span class='ocrx_word' id='word_1_3' title='bbox 104 1474 339 1586; x_wconf 74' lang='lat' dir='ltr'><strong>Amator-iam,</strong></span> <span class='ocrx_word' id='word_1_4' title='bbox 361 1528 439 1591; x_wconf 83' lang='lat' dir='ltr'><strong>quac</strong></span> <span class='ocrx_word' id='word_1_5' title='bbox 461 1508 585 1576; x_wconf 79' lang='lat' dir='ltr'><strong>nomine</strong></span> <span class='ocrx_word' id='word_1_6' title='bbox 599 1499 707 1592; x_wconf 72' lang='lat' dir='ltr'><strong>&#39;Longi</strong></span> <span class='ocrx_word' id='word_1_7' title='bbox 730 1507 894 1592; x_wconf 85' lang='lat' dir='ltr'><strong>Sophietao</strong></span> <span class='ocrx_word' id='word_1_8' title='bbox 914 1509 1005 1591; x_wconf 80' lang='lat' dir='ltr'><strong>vudgo</strong></span> <span class='ocrx_word' id='word_1_9' title='bbox 1029 1510 1077 1571; x_wconf 91' lang='lat' dir='ltr'><strong>in·</strong></span> 
     </span>
     <span class='ocr_line' id='line_1_3' title="bbox 104 1609 1078 1694; baseline 0.002 -21"><span class='ocrx_word' id='word_1_10' title='bbox 104 1613 268 1689; x_wconf 71' lang='lat' dir='ltr'><strong>scribitur,</strong></span> <span class='ocrx_word' id='word_1_11' title='bbox 294 1609 472 1692; x_wconf 81' lang='lat' dir='ltr'><strong>fabulum*)</strong></span> <span class='ocrx_word' id='word_1_12' title='bbox 500 1633 593 1694; x_wconf 88' lang='lat' dir='ltr'><strong>quum</strong></span> <span class='ocrx_word' id='word_1_13' title='bbox 615 1617 686 1675; x_wconf 86' lang='lat' dir='ltr'><strong>aute</strong></span> <span class='ocrx_word' id='word_1_14' title='bbox 705 1612 765 1675; x_wconf 85' lang='lat' dir='ltr'><strong>hoe</strong></span> <span class='ocrx_word' id='word_1_15' title='bbox 788 1617 852 1674; x_wconf 85' lang='lat' dir='ltr'><strong>trer</strong></span> <span class='ocrx_word' id='word_1_16' title='bbox 874 1617 906 1674; x_wconf 88' lang='lat' dir='ltr'><strong>et</strong></span> <span class='ocrx_word' id='word_1_17' title='bbox 919 1613 1002 1694; x_wconf 91' lang='lat' dir='ltr'><strong>quod</strong></span> <span class='ocrx_word' id='word_1_18' title='bbox 1023 1629 1078 1675; x_wconf 84' lang='lat' dir='ltr'><strong>ex-</strong></span> 
     </span>
    </p>
   </div>
   <div class='ocr_carea' id='block_1_3' title="bbox 109 1765 318 1780">
    <p class='ocr_par' dir='ltr' id='par_1_3' title="bbox 109 1765 318 1780">
     <span class='ocr_line' id='line_1_4' title="bbox 109 1765 318 1780; baseline 0 -2"><span class='ocrx_word' id='word_1_19' title='bbox 109 1765 318 1780; x_wconf 55' lang='grc' dir='ltr'><strong>Ἥ</strong></span> 
     </span>
    </p>
   </div>
   <div class='ocr_carea' id='block_1_4' title="bbox 144 1842 1083 2636">
    <p class='ocr_par' dir='ltr' id='par_1_4' title="bbox 144 1842 1083 2636">
     <span class='ocr_line' id='line_1_5' title="bbox 144 1842 1079 1918; baseline 0.004 -22"><span class='ocrx_word' id='word_1_20' title='bbox 144 1842 171 1911; x_wconf 74' lang='lat'><strong>⁴)</strong></span> <span class='ocrx_word' id='word_1_21' title='bbox 182 1843 285 1898; x_wconf 93' lang='lat' dir='ltr'><strong>Nomen</strong></span> <span class='ocrx_word' id='word_1_22' title='bbox 311 1845 445 1916; x_wconf 78' lang='lat' dir='ltr'><strong>scriptoris</strong></span> <span class='ocrx_word' id='word_1_23' title='bbox 466 1843 640 1898; x_wconf 83' lang='lat' dir='ltr'><strong>Pastoralium</strong></span> <span class='ocrx_word' id='word_1_24' title='bbox 663 1860 717 1902; x_wconf 88' lang='lat' dir='ltr'><strong>non</strong></span> <span class='ocrx_word' id='word_1_25' title='bbox 739 1843 821 1918; x_wconf 71' lang='lat' dir='ltr'><strong>magis</strong></span> <span class='ocrx_word' id='word_1_26' title='bbox 847 1848 947 1898; x_wconf 87' lang='lat' dir='ltr'><strong>certum</strong></span> <span class='ocrx_word' id='word_1_27' title='bbox 973 1844 1079 1900; x_wconf 83' lang='lat' dir='ltr'><strong>videtur</strong></span> 
     </span>
     <span class='ocr_line' id='line_1_6' title="bbox 180 1911 1078 1984; baseline 0.001 -20"><span class='ocrx_word' id='word_1_28' title='bbox 180 1914 245 1965; x_wconf 80' lang='lat' dir='ltr'><strong>eeee&#39;</strong></span> <span class='ocrx_word' id='word_1_29' title='bbox 272 1923 429 1978; x_wconf 68' lang='lat' dir='ltr'><strong>naneaetae,</strong></span> <span class='ocrx_word' id='word_1_30' title='bbox 446 1923 507 1984; x_wconf 87' lang='lat' dir='ltr'><strong>&#39;qua</strong></span> <span class='ocrx_word' id='word_1_31' title='bbox 529 1913 604 1966; x_wconf 85' lang='lat' dir='ltr'><strong>vixit.</strong></span> <span class='ocrx_word' id='word_1_32' title='bbox 645 1911 714 1963; x_wconf 85' lang='lat' dir='ltr'><strong>Num</strong></span> <span class='ocrx_word' id='word_1_33' title='bbox 741 1929 819 1980; x_wconf 90' lang='lat' dir='ltr'><strong>quum</strong></span> <span class='ocrx_word' id='word_1_34' title='bbox 851 1912 906 1963; x_wconf 84' lang='lat' dir='ltr'><strong>eius</strong></span> <span class='ocrx_word' id='word_1_35' title='bbox 929 1912 1000 1982; x_wconf 87' lang='lat' dir='ltr'><strong>apud</strong></span> <span class='ocrx_word' id='word_1_36' title='bbox 1019 1914 1078 1966; x_wconf 89' lang='lat' dir='ltr'><strong>uui-</strong></span> 
     </span>
     <span class='ocr_line' id='line_1_7' title="bbox 178 1979 1079 2049; baseline 0.001 -17"><span class='ocrx_word' id='word_1_37' title='bbox 178 1979 230 2032; x_wconf 87' lang='lat' dir='ltr'><strong>lum</strong></span> <span class='ocrx_word' id='word_1_38' title='bbox 275 1983 454 2035; x_wconf 86' lang='lat' dir='ltr'><strong>rammaticum</strong></span> <span class='ocrx_word' id='word_1_39' title='bbox 473 1984 519 2034; x_wconf 86' lang='lat' dir='ltr'><strong>aut</strong></span> <span class='ocrx_word' id='word_1_40' title='bbox 540 1979 766 2049; x_wconf 79' lang='lat' dir='ltr'><strong>Lexicogrephum</strong></span> <span class='ocrx_word' id='word_1_41' title='bbox 788 1979 836 2032; x_wconf 85' lang='lat' dir='ltr'><strong>hut</strong></span> <span class='ocrx_word' id='word_1_42' title='bbox 851 1979 957 2043; x_wconf 88' lang='lat' dir='ltr'><strong>mentio,</strong></span> <span class='ocrx_word' id='word_1_43' title='bbox 976 1997 1009 2032; x_wconf 85' lang='lat' dir='ltr'><strong>ex</strong></span> <span class='ocrx_word' id='word_1_44' title='bbox 1046 1999 1079 2034; x_wconf 92' lang='lat' dir='ltr'><strong>uo</strong></span> 
     </span>
     <span class='ocr_line' id='line_1_8' title="bbox 148 2045 1081 2118; baseline 0.002 -20"><span class='ocrx_word' id='word_1_45' title='bbox 148 2081 151 2085; x_wconf 87' lang='lat'>-</span> <span class='ocrx_word' id='word_1_46' title='bbox 179 2047 234 2099; x_wconf 89' lang='lat' dir='ltr'><strong>eius</strong></span> <span class='ocrx_word' id='word_1_47' title='bbox 251 2050 374 2116; x_wconf 84' lang='lat' dir='ltr'><strong>cognosci</strong></span> <span class='ocrx_word' id='word_1_48' title='bbox 398 2053 488 2118; x_wconf 81' lang='lat' dir='ltr'><strong>ppsset</strong></span> <span class='ocrx_word' id='word_1_49' title='bbox 514 2065 620 2112; x_wconf 88' lang='lat' dir='ltr'><strong>nomen,</strong></span> <span class='ocrx_word' id='word_1_50' title='bbox 646 2051 674 2100; x_wconf 91' lang='lat' dir='ltr'><strong>et</strong></span> <span class='ocrx_word' id='word_1_51' title='bbox 696 2047 807 2118; x_wconf 82' lang='lat' dir='ltr'><strong>optimus</strong></span> <span class='ocrx_word' id='word_1_52' title='bbox 826 2047 884 2100; x_wconf 94' lang='lat' dir='ltr'><strong>ood.</strong></span> <span class='ocrx_word' id='word_1_53' title='bbox 901 2059 935 2102; x_wconf 80' lang='grc' dir='ltr'><strong>Δ.</strong></span> <span class='ocrx_word' id='word_1_54' title='bbox 952 2045 987 2100; x_wconf 91' lang='lat' dir='ltr'><strong>in.</strong></span> <span class='ocrx_word' id='word_1_55' title='bbox 1007 2065 1038 2102; x_wconf 91' lang='lat' dir='ltr'><strong>ex</strong></span> <span class='ocrx_word' id='word_1_56' title='bbox 1057 2049 1081 2100; x_wconf 91' lang='lat' dir='ltr'><strong>i-</strong></span> 
     </span>
     <span class='ocr_line' id='line_1_9' title="bbox 178 2109 1081 2185; baseline 0.002 -17"><span class='ocrx_word' id='word_1_57' title='bbox 178 2117 255 2168; x_wconf 72' lang='lat' dir='ltr'><strong>beat:</strong></span> <span class='ocrx_word' id='word_1_58' title='bbox 283 2113 383 2185; x_wconf 80' lang='grc' dir='ltr'><em>Λόγου</em></span> <span class='ocrx_word' id='word_1_59' title='bbox 402 2113 574 2184; x_wconf 60' lang='lat' dir='ltr'><strong>conperirem</strong></span> <span class='ocrx_word' id='word_1_60' title='bbox 590 2115 654 2184; x_wconf 77' lang='grc' dir='ltr'><strong>περὶ</strong></span> <span class='ocrx_word' id='word_1_61' title='bbox 671 2109 784 2182; x_wconf 74' lang='grc' dir='ltr'><em>Δάφνιν</em></span> <span class='ocrx_word' id='word_1_62' title='bbox 801 2114 849 2165; x_wconf 77' lang='grc' dir='ltr'><strong>καὶ</strong></span> <span class='ocrx_word' id='word_1_63' title='bbox 867 2109 964 2178; x_wconf 74' lang='grc' dir='ltr'><em>Χλόην</em></span> <span class='ocrx_word' id='word_1_64' title='bbox 982 2119 1010 2167; x_wconf 88' lang='lat' dir='ltr'><strong>et</strong></span> <span class='ocrx_word' id='word_1_65' title='bbox 1026 2117 1081 2170; x_wconf 85' lang='lat' dir='ltr'><strong>tine</strong></span> 
     </span>
     <span class='ocr_line' id='line_1_10' title="bbox 179 2179 1081 2253; baseline 0.004 -19"><span class='ocrx_word' id='word_1_66' title='bbox 179 2183 255 2240; x_wconf 71' lang='grc' dir='ltr'><em>τέλος</em></span> <span class='ocrx_word' id='word_1_67' title='bbox 277 2179 376 2252; x_wconf 81' lang='grc' dir='ltr'><em>Λόγου</em></span> <span class='ocrx_word' id='word_1_68' title='bbox 393 2187 576 2253; x_wconf 66' lang='lat' dir='ltr'><strong>‘coopertaria‘</strong></span> <span class='ocrx_word' id='word_1_69' title='bbox 596 2198 649 2234; x_wconf 89' lang='lat' dir='ltr'><strong>non</strong></span> <span class='ocrx_word' id='word_1_70' title='bbox 673 2181 798 2234; x_wconf 90' lang='lat' dir='ltr'><strong>abhorret</strong></span> <span class='ocrx_word' id='word_1_71' title='bbox 820 2199 836 2232; x_wconf 81' lang='lat' dir='ltr'><strong>a</strong></span> <span class='ocrx_word' id='word_1_72' title='bbox 857 2181 1081 2238; x_wconf 79' lang='lat' dir='ltr'><strong>verisimilitudine</strong></span> 
     </span>
     <span class='ocr_line' id='line_1_11' title="bbox 147 2247 1081 2319; baseline 0.003 -17"><span class='ocrx_word' id='word_1_73' title='bbox 147 2257 151 2266; x_wconf 94' lang='lat'><em>&#39;</em></span> <span class='ocrx_word' id='word_1_74' title='bbox 179 2248 303 2303; x_wconf 89' lang='lat' dir='ltr'><strong>Schoellii</strong></span> <span class='ocrx_word' id='word_1_75' title='bbox 320 2251 457 2314; x_wconf 87' lang='lat' dir='ltr'><strong>sententia,</strong></span> <span class='ocrx_word' id='word_1_76' title='bbox 480 2251 528 2318; x_wconf 87' lang='lat' dir='ltr'><strong>(H.</strong></span> <span class='ocrx_word' id='word_1_77' title='bbox 546 2250 578 2304; x_wconf 88' lang='lat' dir='ltr'><strong>L.</strong></span> <span class='ocrx_word' id='word_1_78' title='bbox 597 2249 647 2303; x_wconf 87' lang='lat' dir='ltr'><strong>Gr.</strong></span> <span class='ocrx_word' id='word_1_79' title='bbox 665 2247 863 2318; x_wconf 82' lang='lat' dir='ltr'><strong>t.111.&#39;p.1co.</strong></span> <span class='ocrx_word' id='word_1_80' title='bbox 882 2249 958 2300; x_wconf 72' lang='lat' dir='ltr'><strong>Vere.</strong></span> <span class='ocrx_word' id='word_1_81' title='bbox 976 2251 1081 2319; x_wconf 87' lang='lat' dir='ltr'>Germ.)</span> 
     </span>
     <span class='ocr_line' id='line_1_12' title="bbox 179 2315 1081 2390; baseline 0.003 -22"><span class='ocrx_word' id='word_1_82' title='bbox 179 2318 214 2370; x_wconf 85' lang='lat' dir='ltr'><strong>ad</strong></span> <span class='ocrx_word' id='word_1_83' title='bbox 231 2335 308 2386; x_wconf 87' lang='lat' dir='ltr'><strong>quam</strong></span> <span class='ocrx_word' id='word_1_84' title='bbox 324 2319 403 2371; x_wconf 87' lang='lat' dir='ltr'><strong>etiam</strong></span> <span class='ocrx_word' id='word_1_85' title='bbox 420 2319 524 2370; x_wconf 87' lang='lat' dir='ltr'><strong>accedit</strong></span> <span class='ocrx_word' id='word_1_86' title='bbox 540 2317 641 2388; x_wconf 82' lang='lat' dir='ltr'><strong>Iacobs.</strong></span> <span class='ocrx_word' id='word_1_87' title='bbox 659 2317 745 2368; x_wconf 85' lang='lat' dir='ltr'><strong>Praei.</strong></span> <span class='ocrx_word' id='word_1_88' title='bbox 764 2315 798 2368; x_wconf 89' lang='lat' dir='ltr'><strong>ad</strong></span> <span class='ocrx_word' id='word_1_89' title='bbox 815 2316 891 2368; x_wconf 85' lang='lat' dir='ltr'><strong>Vere.</strong></span> <span class='ocrx_word' id='word_1_90' title='bbox 909 2317 999 2369; x_wconf 83' lang='lat' dir='ltr'><strong>Germ.</strong></span> <span class='ocrx_word' id='word_1_91' title='bbox 1016 2337 1042 2390; x_wconf 89' lang='lat' dir='ltr'><strong>p.</strong></span> <span class='ocrx_word' id='word_1_92' title='bbox 1053 2323 1081 2386; x_wconf 82' lang='lat'><strong>6,</strong></span> 
     </span>
     <span class='ocr_line' id='line_1_13' title="bbox 179 2383 1082 2454; baseline 0.007 -18"><span class='ocrx_word' id='word_1_93' title='bbox 179 2385 267 2453; x_wconf 83' lang='lat' dir='ltr'><strong>Longi</strong></span> <span class='ocrx_word' id='word_1_94' title='bbox 284 2403 375 2438; x_wconf 87' lang='lat' dir='ltr'><strong>nomen</strong></span> <span class='ocrx_word' id='word_1_95' title='bbox 393 2385 517 2454; x_wconf 81' lang='lat' dir='ltr'><strong>originem</strong></span> <span class='ocrx_word' id='word_1_96' title='bbox 536 2385 640 2438; x_wconf 84' lang='lat' dir='ltr'><strong>duxisse</strong></span> <span class='ocrx_word' id='word_1_97' title='bbox 656 2385 722 2436; x_wconf 88' lang='lat' dir='ltr'><strong>male</strong></span> <span class='ocrx_word' id='word_1_98' title='bbox 742 2383 818 2436; x_wconf 80' lang='lat' dir='ltr'><strong>lectis</strong></span> <span class='ocrx_word' id='word_1_99' title='bbox 836 2389 864 2435; x_wconf 92' lang='lat' dir='ltr'><strong>et</strong></span> <span class='ocrx_word' id='word_1_100' title='bbox 879 2383 1020 2440; x_wconf 83' lang='lat' dir='ltr'><strong>intellectis</strong></span> <span class='ocrx_word' id='word_1_101' title='bbox 1036 2405 1082 2442; x_wconf 77' lang='lat' dir='ltr'><strong>vv.</strong></span> 
     </span>
     <span class='ocr_line' id='line_1_14' title="bbox 180 2447 1083 2518; baseline 0.007 -16"><span class='ocrx_word' id='word_1_102' title='bbox 180 2447 358 2518; x_wconf 75' lang='lat' dir='ltr'><strong>tdyounot‘.</strong></span> <span class='ocrx_word' id='word_1_103' title='bbox 392 2453 479 2504; x_wconf 84' lang='lat' dir='ltr'><strong>Favet</strong></span> <span class='ocrx_word' id='word_1_104' title='bbox 497 2470 584 2505; x_wconf 88' lang='lat' dir='ltr'><strong>eorum</strong></span> <span class='ocrx_word' id='word_1_105' title='bbox 601 2451 745 2505; x_wconf 84' lang='lat' dir='ltr'><strong>sententiae</strong></span> <span class='ocrx_word' id='word_1_106' title='bbox 763 2451 841 2506; x_wconf 82' lang='lat' dir='ltr'><strong>etiem</strong></span> <span class='ocrx_word' id='word_1_107' title='bbox 855 2451 927 2514; x_wconf 88' lang='lat' dir='ltr'><strong>illud,</strong></span> <span class='ocrx_word' id='word_1_108' title='bbox 964 2455 1017 2506; x_wconf 91' lang='lat' dir='ltr'><strong>uod</strong></span> <span class='ocrx_word' id='word_1_109' title='bbox 1033 2472 1083 2508; x_wconf 86' lang='lat' dir='ltr'><strong>no·</strong></span> 
     </span>
     <span class='ocr_line' id='line_1_15' title="bbox 180 2470 1080 2636; baseline 0.003 -65"><span class='ocrx_word' id='word_1_110' title='bbox 180 2519 249 2572; x_wconf 84' lang='lat' dir='ltr'><strong>tavit</strong></span> <span class='ocrx_word' id='word_1_111' title='bbox 260 2473 409 2590; x_wconf 78' lang='lat' dir='ltr'><strong>Stepiianus</strong></span> <span class='ocrx_word' id='word_1_112' title='bbox 421 2521 455 2572; x_wconf 87' lang='lat' dir='ltr'><strong>ad</strong></span> <span class='ocrx_word' id='word_1_113' title='bbox 466 2521 575 2589; x_wconf 80' lang='lat' dir='ltr'><strong>Appiun.</strong></span> <span class='ocrx_word' id='word_1_114' title='bbox 587 2521 604 2571; x_wconf 94' lang='lat' dir='ltr'><strong>l.</strong></span> <span class='ocrx_word' id='word_1_115' title='bbox 616 2519 664 2570; x_wconf 85' lang='lat' dir='ltr'><strong>lv.</strong></span> <span class='ocrx_word' id='word_1_116' title='bbox 677 2537 703 2572; x_wconf 87' lang='lat' dir='ltr'><strong>c.</strong></span> <span class='ocrx_word' id='word_1_117' title='bbox 713 2523 754 2572; x_wconf 83' lang='lat'><strong>14.</strong></span> <span class='ocrx_word' id='word_1_118' title='bbox 766 2519 874 2636; x_wconf 84' lang='lat' dir='ltr'><strong>Hispan.</strong></span> <span class='ocrx_word' id='word_1_119' title='bbox 887 2523 907 2572; x_wconf 88' lang='lat' dir='ltr'><strong>t.</strong></span> <span class='ocrx_word' id='word_1_120' title='bbox 919 2470 969 2572; x_wconf 75' lang='lat' dir='ltr'><strong>Ili.</strong></span> <span class='ocrx_word' id='word_1_121' title='bbox 981 2540 1008 2590; x_wconf 88' lang='lat' dir='ltr'><strong>p.</strong></span> <span class='ocrx_word' id='word_1_122' title='bbox 1019 2527 1080 2578; x_wconf 76' lang='lat'>220.</span> 
     </span>
    </p>
   </div>
   <div class='ocr_carea' id='block_1_5' title="bbox 181 2586 1083 2656">
    <p class='ocr_par' dir='ltr' id='par_1_5' title="bbox 181 2586 1083 2656">
     <span class='ocr_line' id='line_1_16' title="bbox 181 2586 1083 2656; baseline 0.004 -18"><span class='ocrx_word' id='word_1_123' title='bbox 181 2587 270 2639; x_wconf 87' lang='lat' dir='ltr'><strong>Schw.</strong></span> <span class='ocrx_word' id='word_1_124' title='bbox 295 2593 385 2656; x_wconf 89' lang='lat' dir='ltr'><strong>(quem</strong></span> <span class='ocrx_word' id='word_1_125' title='bbox 401 2588 487 2640; x_wconf 87' lang='lat' dir='ltr'><strong>locum</strong></span> <span class='ocrx_word' id='word_1_126' title='bbox 504 2587 564 2639; x_wconf 89' lang='lat' dir='ltr'><strong>mihi</strong></span> <span class='ocrx_word' id='word_1_127' title='bbox 582 2586 709 2638; x_wconf 85' lang='lat' dir='ltr'><strong>indicavit</strong></span> <span class='ocrx_word' id='word_1_128' title='bbox 725 2586 811 2638; x_wconf 82' lang='lat' dir='ltr'><strong>Schae</strong></span> <span class='ocrx_word' id='word_1_129' title='bbox 823 2586 895 2650; x_wconf 84' lang='lat' dir='ltr'><strong>erus)</strong></span> <span class='ocrx_word' id='word_1_130' title='bbox 914 2604 969 2648; x_wconf 84' lang='lat' dir='ltr'><strong>„se</strong></span> <span class='ocrx_word' id='word_1_131' title='bbox 986 2589 1083 2642; x_wconf 75' lang='lat' dir='ltr'><strong>vidisse</strong></span> 
     </span>
    </p>
   </div>
   <div class='ocr_carea' id='block_1_6' title="bbox 182 2651 1085 2834">
    <p class='ocr_par' dir='ltr' id='par_1_6' title="bbox 182 2651 1085 2834">
     <span class='ocr_line' id='line_1_17' title="bbox 182 2651 1085 2834; baseline 0.002 -130"><span class='ocrx_word' id='word_1_132' title='bbox 182 2651 235 2705; x_wconf 93' lang='lat' dir='ltr'><strong>duo</strong></span> <span class='ocrx_word' id='word_1_133' title='bbox 252 2653 320 2706; x_wconf 81' lang='lat' dir='ltr'><strong>iilius</strong></span> <span class='ocrx_word' id='word_1_134' title='bbox 338 2653 473 2722; x_wconf 80' lang='lat' dir='ltr'><strong>scriptoris</strong></span> <span class='ocrx_word' id='word_1_135' title='bbox 491 2653 598 2733; x_wconf 72' lang='lat' dir='ltr'><strong>(Longi)</strong></span> <span class='ocrx_word' id='word_1_136' title='bbox 617 2651 780 2834; x_wconf 76' lang='lat' dir='ltr'><strong>exemplaria,</strong></span> <span class='ocrx_word' id='word_1_137' title='bbox 804 2651 831 2702; x_wconf 93' lang='lat' dir='ltr'><strong>in</strong></span> <span class='ocrx_word' id='word_1_138' title='bbox 853 2668 962 2718; x_wconf 87' lang='lat' dir='ltr'><strong>quorum</strong></span> <span class='ocrx_word' id='word_1_139' title='bbox 978 2673 1030 2706; x_wconf 92' lang='lat' dir='ltr'><strong>uno</strong></span> <span class='ocrx_word' id='word_1_140' title='bbox 1047 2655 1085 2706; x_wconf 90' lang='lat' dir='ltr'><strong>ti-</strong></span> 
     </span>
    </p>
   </div>
   <div class='ocr_carea' id='block_1_7' title="bbox 109 2714 1089 3866">
    <p class='ocr_par' dir='ltr' id='par_1_7' title="bbox 183 2714 1086 2854">
     <span class='ocr_line' id='line_1_18' title="bbox 183 2714 1086 2788; baseline -0.004 -18"><span class='ocrx_word' id='word_1_141' title='bbox 183 2721 267 2770; x_wconf 87' lang='lat' dir='ltr'><strong>tulum</strong></span> <span class='ocrx_word' id='word_1_142' title='bbox 290 2720 371 2770; x_wconf 79' lang='lat' dir='ltr'><strong>inisse</strong></span> <span class='ocrx_word' id='word_1_143' title='bbox 393 2719 533 2787; x_wconf 85' lang='lat' dir='ltr'><strong>unicuique</strong></span> <span class='ocrx_word' id='word_1_144' title='bbox 558 2721 624 2770; x_wconf 86' lang='lat' dir='ltr'><strong>hbro</strong></span> <span class='ocrx_word' id='word_1_145' title='bbox 641 2714 686 2770; x_wconf 88' lang='grc' dir='ltr'><strong>Λό</strong></span> <span class='ocrx_word' id='word_1_146' title='bbox 708 2735 740 2768; x_wconf 90' lang='grc' dir='ltr'><strong>ου</strong></span> <span class='ocrx_word' id='word_1_147' title='bbox 757 2721 938 2786; x_wconf 58' lang='lat' dir='ltr'><strong>rochemador,</strong></span> <span class='ocrx_word' id='word_1_148' title='bbox 963 2739 1042 2788; x_wconf 81' lang='lat' dir='ltr'><strong>quum</strong></span> <span class='ocrx_word' id='word_1_149' title='bbox 1058 2721 1086 2774; x_wconf 78' lang='lat' dir='ltr'><strong>in</strong></span> 
     </span>
     <span class='ocr_line' id='line_1_19' title="bbox 183 2780 1086 2854; baseline -0.003 -16"><span class='ocrx_word' id='word_1_150' title='bbox 183 2785 268 2838; x_wconf 84' lang='lat' dir='ltr'><strong>altero</strong></span> <span class='ocrx_word' id='word_1_151' title='bbox 287 2791 358 2837; x_wconf 83' lang='lat' dir='ltr'><strong>esset</strong></span> <span class='ocrx_word' id='word_1_152' title='bbox 373 2780 524 2854; x_wconf 87' lang='grc' dir='ltr'><em>Λόγγου.“</em></span> <span class='ocrx_word' id='word_1_153' title='bbox 557 2785 648 2836; x_wconf 76' lang='lat' dir='ltr'><strong>Facile</strong></span> <span class='ocrx_word' id='word_1_154' title='bbox 675 2784 766 2852; x_wconf 80' lang='lat' dir='ltr'><strong>niquis</strong></span> <span class='ocrx_word' id='word_1_155' title='bbox 786 2789 877 2850; x_wconf 71' lang='lat' dir='ltr'><strong>postet</strong></span> <span class='ocrx_word' id='word_1_156' title='bbox 900 2785 927 2834; x_wconf 90' lang='lat' dir='ltr'><strong>iu</strong></span> <span class='ocrx_word' id='word_1_157' title='bbox 945 2801 1001 2840; x_wconf 78' lang='lat' dir='ltr'><strong>eam</strong></span> <span class='ocrx_word' id='word_1_158' title='bbox 1016 2787 1086 2842; x_wconf 73' lang='lat' dir='ltr'><strong>inci-</strong></span> 
     </span>
    </p>

    <p class='ocr_par' dir='ltr' id='par_1_8' title="bbox 109 2847 1085 3058">
     <span class='ocr_line' id='line_1_20' title="bbox 121 2847 1085 2920; baseline 0.003 -15"><span class='ocrx_word' id='word_1_159' title='bbox 121 2863 127 2870; x_wconf 76' lang='lat'><em>·</em></span> <span class='ocrx_word' id='word_1_160' title='bbox 184 2853 248 2905; x_wconf 89' lang='lat' dir='ltr'><strong>dere</strong></span> <span class='ocrx_word' id='word_1_161' title='bbox 265 2852 429 2914; x_wconf 78' lang='lat' dir='ltr'><strong>sententiam,</strong></span> <span class='ocrx_word' id='word_1_162' title='bbox 456 2851 616 2920; x_wconf 83' lang='lat' dir='ltr'><strong>Stephanum</strong></span> <span class='ocrx_word' id='word_1_163' title='bbox 631 2847 723 2903; x_wconf 88' lang='lat' dir='ltr'><strong>librum</strong></span> <span class='ocrx_word' id='word_1_164' title='bbox 739 2849 1025 2907; x_wconf 75' lang='lat' dir='ltr'><strong>Monte-cassinensem</strong></span> <span class='ocrx_word' id='word_1_165' title='bbox 1041 2855 1085 2908; x_wconf 88' lang='lat' dir='ltr'><strong>vi-</strong></span> 
     </span>
     <span class='ocr_line' id='line_1_21' title="bbox 109 2915 1084 2992; baseline 0.005 -20"><span class='ocrx_word' id='word_1_166' title='bbox 109 2924 119 2992; x_wconf 68' lang='grc' dir='ltr'><em>ξ</em></span> <span class='ocrx_word' id='word_1_167' title='bbox 184 2921 263 2984; x_wconf 86' lang='lat' dir='ltr'><strong>disse,</strong></span> <span class='ocrx_word' id='word_1_168' title='bbox 281 2921 304 2972; x_wconf 86' lang='lat' dir='ltr'><strong>ei</strong></span> <span class='ocrx_word' id='word_1_169' title='bbox 320 2937 371 2972; x_wconf 92' lang='lat' dir='ltr'><strong>non</strong></span> <span class='ocrx_word' id='word_1_170' title='bbox 390 2919 528 2988; x_wconf 88' lang='lat' dir='ltr'><strong>unicuique</strong></span> <span class='ocrx_word' id='word_1_171' title='bbox 545 2919 611 2971; x_wconf 86' lang='lat' dir='ltr'><strong>libro</strong></span> <span class='ocrx_word' id='word_1_172' title='bbox 628 2917 698 2970; x_wconf 85' lang='lat' dir='ltr'><strong>ilium</strong></span> <span class='ocrx_word' id='word_1_173' title='bbox 715 2917 819 2970; x_wconf 89' lang='lat' dir='ltr'><strong>titulum</strong></span> <span class='ocrx_word' id='word_1_174' title='bbox 836 2915 978 2986; x_wconf 75' lang='lat' dir='ltr'><strong>praefixum</strong></span> <span class='ocrx_word' id='word_1_175' title='bbox 994 2923 1084 2988; x_wconf 86' lang='lat' dir='ltr'><strong>fuisse,</strong></span> 
     </span>
     <span class='ocr_line' id='line_1_22' title="bbox 185 2985 1085 3058; baseline -0.002 -18"><span class='ocrx_word' id='word_1_176' title='bbox 185 2993 214 3040; x_wconf 91' lang='lat' dir='ltr'><strong>et</strong></span> <span class='ocrx_word' id='word_1_177' title='bbox 229 2988 255 3040; x_wconf 94' lang='lat' dir='ltr'><strong>in</strong></span> <span class='ocrx_word' id='word_1_178' title='bbox 271 2987 313 3055; x_wconf 81' lang='lat' dir='ltr'><strong>iie,</strong></span> <span class='ocrx_word' id='word_1_179' title='bbox 333 3005 400 3056; x_wconf 90' lang='lat' dir='ltr'><strong>quae</strong></span> <span class='ocrx_word' id='word_1_180' title='bbox 416 2987 472 3039; x_wconf 88' lang='lat' dir='ltr'><strong>eius</strong></span> <span class='ocrx_word' id='word_1_181' title='bbox 490 2987 566 3038; x_wconf 89' lang='lat' dir='ltr'><strong>modo</strong></span> <span class='ocrx_word' id='word_1_182' title='bbox 584 2985 667 3038; x_wconf 81' lang='lat' dir='ltr'><strong>altatis</strong></span> <span class='ocrx_word' id='word_1_183' title='bbox 686 2985 774 3038; x_wconf 82' lang='lat' dir='ltr'><strong>verbis</strong></span> <span class='ocrx_word' id='word_1_184' title='bbox 791 2987 967 3054; x_wconf 85' lang='lat' dir='ltr'><strong>praecedunt,</strong></span> <span class='ocrx_word' id='word_1_185' title='bbox 997 2999 1085 3058; x_wconf 75' lang='lat' dir='ltr'><strong>quater</strong></span> 
     </span>
    </p>

    <p class='ocr_par' dir='ltr' id='par_1_9' title="bbox 185 3050 1084 3124">
     <span class='ocr_line' id='line_1_23' title="bbox 185 3050 1084 3124; baseline 0.008 -18"><span class='ocrx_word' id='word_1_186' title='bbox 185 3057 218 3108; x_wconf 83' lang='lat' dir='ltr'><strong>ab</strong></span> <span class='ocrx_word' id='word_1_187' title='bbox 235 3055 303 3108; x_wconf 83' lang='lat' dir='ltr'><strong>iilius</strong></span> <span class='ocrx_word' id='word_1_188' title='bbox 320 3056 377 3107; x_wconf 93' lang='lat' dir='ltr'><strong>ood.</strong></span> <span class='ocrx_word' id='word_1_189' title='bbox 393 3053 498 3106; x_wconf 86' lang='lat' dir='ltr'><strong>librario</strong></span> <span class='ocrx_word' id='word_1_190' title='bbox 515 3050 613 3122; x_wconf 77' lang='grc' dir='ltr'><em>Λόγου</em></span> <span class='ocrx_word' id='word_1_191' title='bbox 627 3053 756 3122; x_wconf 68' lang='lat' dir='ltr'><strong>seriptum</strong></span> <span class='ocrx_word' id='word_1_192' title='bbox 773 3069 802 3105; x_wconf 84' lang='lat' dir='ltr'><strong>ae</strong></span> <span class='ocrx_word' id='word_1_193' title='bbox 818 3053 948 3124; x_wconf 85' lang='lat' dir='ltr'><strong>reperisse</strong></span> <span class='ocrx_word' id='word_1_194' title='bbox 965 3057 1084 3118; x_wconf 71' lang='lat' dir='ltr'><strong>dixisset.</strong></span> 
     </span>
    </p>

    <p class='ocr_par' dir='ltr' id='par_1_10' title="bbox 184 3119 1089 3797">
     <span class='ocr_line' id='line_1_24' title="bbox 184 3119 1085 3186; baseline 0.007 -14"><span class='ocrx_word' id='word_1_195' title='bbox 184 3121 217 3172; x_wconf 95' lang='lat' dir='ltr'><strong>In</strong></span> <span class='ocrx_word' id='word_1_196' title='bbox 235 3123 353 3174; x_wconf 78' lang='lat' dir='ltr'><strong>Courerii</strong></span> <span class='ocrx_word' id='word_1_197' title='bbox 370 3132 462 3176; x_wconf 86' lang='lat' dir='ltr'><strong>contra</strong></span> <span class='ocrx_word' id='word_1_198' title='bbox 478 3121 544 3174; x_wconf 87' lang='lat' dir='ltr'><strong>libro</strong></span> <span class='ocrx_word' id='word_1_199' title='bbox 562 3121 602 3174; x_wconf 80' lang='lat' dir='ltr'><strong>bis</strong></span> <span class='ocrx_word' id='word_1_200' title='bbox 621 3127 736 3186; x_wconf 85' lang='lat' dir='ltr'><strong>tantum,</strong></span> <span class='ocrx_word' id='word_1_201' title='bbox 752 3119 826 3172; x_wconf 87' lang='lat' dir='ltr'><strong>initio</strong></span> <span class='ocrx_word' id='word_1_202' title='bbox 849 3127 877 3172; x_wconf 90' lang='lat' dir='ltr'><strong>et</strong></span> <span class='ocrx_word' id='word_1_203' title='bbox 896 3121 958 3186; x_wconf 87' lang='lat' dir='ltr'><strong>fine,</strong></span> <span class='ocrx_word' id='word_1_204' title='bbox 983 3124 1028 3178; x_wconf 81' lang='lat' dir='ltr'><strong>Ao</strong></span> <span class='ocrx_word' id='word_1_205' title='bbox 1051 3145 1085 3180; x_wconf 89' lang='lat' dir='ltr'><strong>ov</strong></span> 
     </span>
     <span class='ocr_line' id='line_1_25' title="bbox 184 3187 1084 3258; baseline 0.004 -17"><span class='ocrx_word' id='word_1_206' title='bbox 184 3189 238 3258; x_wconf 76' lang='lat' dir='ltr'><strong>legi</strong></span> <span class='ocrx_word' id='word_1_207' title='bbox 260 3196 393 3242; x_wconf 86' lang='lat' dir='ltr'><strong>enotatum</strong></span> <span class='ocrx_word' id='word_1_208' title='bbox 418 3195 466 3242; x_wconf 88' lang='lat' dir='ltr'><strong>est.</strong></span> <span class='ocrx_word' id='word_1_209' title='bbox 506 3189 659 3252; x_wconf 87' lang='lat' dir='ltr'><strong>Praeterea,</strong></span> <span class='ocrx_word' id='word_1_210' title='bbox 676 3187 748 3256; x_wconf 90' lang='lat' dir='ltr'><strong>quod</strong></span> <span class='ocrx_word' id='word_1_211' title='bbox 761 3187 764 3194; x_wconf 84' lang='lat'>&#39;</span> <span class='ocrx_word' id='word_1_212' title='bbox 778 3187 806 3238; x_wconf 91' lang='lat' dir='ltr'><strong>in</strong></span> <span class='ocrx_word' id='word_1_213' title='bbox 825 3193 979 3244; x_wconf 63' lang='lat' dir='ltr'><strong>umcursu</strong></span> <span class='ocrx_word' id='word_1_214' title='bbox 1004 3210 1019 3244; x_wconf 87' lang='lat' dir='ltr'><strong>a</strong></span> <span class='ocrx_word' id='word_1_215' title='bbox 1040 3194 1084 3258; x_wconf 86' lang='lat' dir='ltr'><strong>do,</strong></span> 
     </span>
     <span class='ocr_line' id='line_1_26' title="bbox 185 3253 1085 3327; baseline 0.002 -17"><span class='ocrx_word' id='word_1_216' title='bbox 185 3257 333 3327; x_wconf 78' lang='lat' dir='ltr'><strong>Stephanus</strong></span> <span class='ocrx_word' id='word_1_217' title='bbox 357 3274 387 3309; x_wconf 84' lang='lat' dir='ltr'><strong>se</strong></span> <span class='ocrx_word' id='word_1_218' title='bbox 409 3257 474 3320; x_wconf 79' lang='lat' dir='ltr'><strong>haec</strong></span> <span class='ocrx_word' id='word_1_219' title='bbox 495 3253 651 3323; x_wconf 77' lang='grc' dir='ltr'><em>Ποιμενικὰ</em></span> <span class='ocrx_word' id='word_1_220' title='bbox 676 3255 805 3308; x_wconf 84' lang='lat' dir='ltr'><strong>editurum</strong></span> <span class='ocrx_word' id='word_1_221' title='bbox 827 3272 885 3308; x_wconf 84' lang='lat' dir='ltr'><strong>esse</strong></span> <span class='ocrx_word' id='word_1_222' title='bbox 907 3259 1037 3324; x_wconf 86' lang='lat' dir='ltr'><strong>promittit</strong></span> <span class='ocrx_word' id='word_1_223' title='bbox 1058 3262 1085 3312; x_wconf 92' lang='lat' dir='ltr'><strong>in</strong></span> 
     </span>
     <span class='ocr_line' id='line_1_27' title="bbox 184 3323 1086 3394; baseline 0.004 -17"><span class='ocrx_word' id='word_1_224' title='bbox 184 3325 277 3378; x_wconf 84' lang='lat' dir='ltr'><strong>‘eadem</strong></span> <span class='ocrx_word' id='word_1_225' title='bbox 306 3324 482 3376; x_wconf 79' lang='lat' dir='ltr'><strong>adnotatione.</strong></span> <span class='ocrx_word' id='word_1_226' title='bbox 516 3323 656 3392; x_wconf 86' lang='lat' dir='ltr'><strong>Sophistae</strong></span> <span class='ocrx_word' id='word_1_227' title='bbox 684 3329 771 3375; x_wconf 87' lang='lat' dir='ltr'><strong>autem</strong></span> <span class='ocrx_word' id='word_1_228' title='bbox 800 3323 872 3391; x_wconf 90' lang='lat' dir='ltr'><strong>quod</strong></span> <span class='ocrx_word' id='word_1_229' title='bbox 902 3323 927 3375; x_wconf 92' lang='lat' dir='ltr'><strong>ei</strong></span> <span class='ocrx_word' id='word_1_230' title='bbox 948 3335 1086 3394; x_wconf 82' lang='lat' dir='ltr'><strong>praeterea</strong></span> 
     </span>
     <span class='ocr_line' id='line_1_28' title="bbox 186 3387 1086 3458; baseline 0.001 -13"><span class='ocrx_word' id='word_1_231' title='bbox 186 3410 278 3446; x_wconf 88' lang='lat' dir='ltr'><strong>nomen</strong></span> <span class='ocrx_word' id='word_1_232' title='bbox 301 3391 401 3444; x_wconf 87' lang='lat' dir='ltr'><strong>addidit</strong></span> <span class='ocrx_word' id='word_1_233' title='bbox 441 3392 519 3444; x_wconf 86' lang='lat' dir='ltr'><strong>rimus</strong></span> <span class='ocrx_word' id='word_1_234' title='bbox 540 3391 741 3458; x_wconf 74' lang='lat' dir='ltr'><strong>Iungmmnnus,</strong></span> <span class='ocrx_word' id='word_1_235' title='bbox 764 3389 791 3441; x_wconf 90' lang='lat' dir='ltr'><strong>id</strong></span> <span class='ocrx_word' id='word_1_236' title='bbox 808 3387 877 3441; x_wconf 89' lang='lat' dir='ltr'><strong>nulla</strong></span> <span class='ocrx_word' id='word_1_237' title='bbox 897 3391 945 3444; x_wconf 83' lang='lat' dir='ltr'><strong>niti</strong></span> <span class='ocrx_word' id='word_1_238' title='bbox 970 3395 1086 3449; x_wconf 87' lang='lat' dir='ltr'><strong>auctori-</strong></span> 
     </span>
     <span class='ocr_line' id='line_1_29' title="bbox 187 3409 1087 3532; baseline 0.002 -19"><span class='ocrx_word' id='word_1_239' title='bbox 187 3467 244 3513; x_wconf 84' lang='lat' dir='ltr'><strong>tate</strong></span> <span class='ocrx_word' id='word_1_240' title='bbox 262 3459 374 3512; x_wconf 82' lang='lat' dir='ltr'><strong>uihrmat</strong></span> <span class='ocrx_word' id='word_1_241' title='bbox 390 3409 548 3511; x_wconf 78' lang='lat' dir='ltr'><strong>Viiioieonus</strong></span> <span class='ocrx_word' id='word_1_242' title='bbox 568 3457 647 3510; x_wconf 84' lang='lat' dir='ltr'><strong>Proll.</strong></span> <span class='ocrx_word' id='word_1_243' title='bbox 665 3475 690 3527; x_wconf 87' lang='lat' dir='ltr'><strong>p.</strong></span> <span class='ocrx_word' id='word_1_244' title='bbox 707 3457 758 3509; x_wconf 86' lang='lat'><em>111.</em></span> <span class='ocrx_word' id='word_1_245' title='bbox 793 3455 888 3526; x_wconf 86' lang='lat' dir='ltr'><strong>Neque</strong></span> <span class='ocrx_word' id='word_1_246' title='bbox 912 3459 945 3512; x_wconf 88' lang='lat' dir='ltr'><strong>do</strong></span> <span class='ocrx_word' id='word_1_247' title='bbox 969 3468 1087 3532; x_wconf 88' lang='lat' dir='ltr'><strong>tempore</strong></span> 
     </span>
     <span class='ocr_line' id='line_1_30' title="bbox 187 3523 1086 3598; baseline 0 -18"><span class='ocrx_word' id='word_1_248' title='bbox 187 3545 239 3598; x_wconf 87' lang='lat' dir='ltr'><strong>quo</strong></span> <span class='ocrx_word' id='word_1_249' title='bbox 256 3526 353 3580; x_wconf 78' lang='lat' dir='ltr'><strong>uixerit</strong></span> <span class='ocrx_word' id='word_1_250' title='bbox 361 3526 511 3596; x_wconf 21' lang='lat' dir='ltr'><strong>&#39;quicquam&#39;</strong></span> <span class='ocrx_word' id='word_1_251' title='bbox 524 3527 590 3577; x_wconf 89' lang='lat' dir='ltr'><strong>certi</strong></span> <span class='ocrx_word' id='word_1_252' title='bbox 607 3532 694 3594; x_wconf 87' lang='lat' dir='ltr'><strong>potest</strong></span> <span class='ocrx_word' id='word_1_253' title='bbox 706 3523 824 3588; x_wconf 83' lang='lat' dir='ltr'><strong>definiri3</strong></span> <span class='ocrx_word' id='word_1_254' title='bbox 844 3525 915 3592; x_wconf 84' lang='lat' dir='ltr'><strong>quod</strong></span> <span class='ocrx_word' id='word_1_255' title='bbox 927 3527 994 3580; x_wconf 92' lang='lat' dir='ltr'><strong>enim</strong></span> <span class='ocrx_word' id='word_1_256' title='bbox 1007 3530 1086 3598; x_wconf 84' lang='lat' dir='ltr'><strong>vulgo</strong></span> 
     </span>
     <span class='ocr_line' id='line_1_31' title="bbox 188 3591 1089 3662; baseline 0.002 -15"><span class='ocrx_word' id='word_1_257' title='bbox 188 3601 306 3648; x_wconf 81' lang='lat' dir='ltr'><strong>statuunt</strong></span> <span class='ocrx_word' id='word_1_258' title='bbox 322 3594 441 3662; x_wconf 81' lang='lat' dir='ltr'><strong>Longum</strong></span> <span class='ocrx_word' id='word_1_259' title='bbox 458 3593 612 3662; x_wconf 84' lang='lat' dir='ltr'><strong>scriptorem</strong></span> <span class='ocrx_word' id='word_1_260' title='bbox 629 3593 711 3644; x_wconf 85' lang='lat' dir='ltr'><strong>fuisse</strong></span> <span class='ocrx_word' id='word_1_261' title='bbox 728 3591 810 3644; x_wconf 83' lang='lat' dir='ltr'><strong>seculi</strong></span> <span class='ocrx_word' id='word_1_262' title='bbox 826 3591 866 3643; x_wconf 87' lang='lat' dir='ltr'><strong>IV</strong></span> <span class='ocrx_word' id='word_1_263' title='bbox 883 3595 925 3646; x_wconf 86' lang='lat' dir='ltr'><strong>vel</strong></span> <span class='ocrx_word' id='word_1_264' title='bbox 936 3595 971 3660; x_wconf 80' lang='lat' dir='ltr'><strong>V,</strong></span> <span class='ocrx_word' id='word_1_265' title='bbox 989 3595 1016 3648; x_wconf 91' lang='lat' dir='ltr'><strong>id</strong></span> <span class='ocrx_word' id='word_1_266' title='bbox 1033 3596 1089 3650; x_wconf 82' lang='lat' dir='ltr'><strong>sine</strong></span> 
     </span>
     <span class='ocr_line' id='line_1_32' title="bbox 188 3658 1089 3730; baseline 0.001 -16"><span class='ocrx_word' id='word_1_267' title='bbox 188 3662 283 3715; x_wconf 89' lang='lat' dir='ltr'><strong>idonea</strong></span> <span class='ocrx_word' id='word_1_268' title='bbox 304 3677 382 3714; x_wconf 80' lang='lat' dir='ltr'><strong>cenea</strong></span> <span class='ocrx_word' id='word_1_269' title='bbox 407 3661 465 3713; x_wconf 84' lang='lat' dir='ltr'><strong>heri</strong></span> <span class='ocrx_word' id='word_1_270' title='bbox 481 3661 537 3714; x_wconf 90' lang='lat' dir='ltr'><strong>iure</strong></span> <span class='ocrx_word' id='word_1_271' title='bbox 555 3659 690 3712; x_wconf 88' lang='lat' dir='ltr'><strong>contendit</strong></span> <span class='ocrx_word' id='word_1_272' title='bbox 706 3660 811 3711; x_wconf 76' lang='lat' dir='ltr'><strong>Iacobo.</strong></span> <span class='ocrx_word' id='word_1_273' title='bbox 828 3658 846 3712; x_wconf 89' lang='lat' dir='ltr'><strong>l.</strong></span> <span class='ocrx_word' id='word_1_274' title='bbox 863 3659 880 3711; x_wconf 85' lang='lat'><strong>1.</strong></span> <span class='ocrx_word' id='word_1_275' title='bbox 897 3679 957 3730; x_wconf 80' lang='lat' dir='ltr'><strong>pag.</strong></span> <span class='ocrx_word' id='word_1_276' title='bbox 970 3668 994 3715; x_wconf 82' lang='grc'><strong>6.</strong></span> <span class='ocrx_word' id='word_1_277' title='bbox 1028 3663 1089 3716; x_wconf 86' lang='lat' dir='ltr'><strong>Hoc</strong></span> 
     </span>
     <span class='ocr_line' id='line_1_33' title="bbox 189 3727 1089 3797; baseline -0.001 -16"><span class='ocrx_word' id='word_1_278' title='bbox 189 3735 288 3782; x_wconf 82' lang='lat' dir='ltr'><strong>tautum</strong></span> <span class='ocrx_word' id='word_1_279' title='bbox 305 3735 404 3782; x_wconf 87' lang='lat' dir='ltr'><strong>certum</strong></span> <span class='ocrx_word' id='word_1_280' title='bbox 421 3736 462 3781; x_wconf 87' lang='lat' dir='ltr'><strong>est</strong></span> <span class='ocrx_word' id='word_1_281' title='bbox 468 3769 476 3796; x_wconf 93' lang='lat'>,</span> <span class='ocrx_word' id='word_1_282' title='bbox 500 3728 633 3780; x_wconf 83' lang='lat' dir='ltr'><strong>Theodor.</strong></span> <span class='ocrx_word' id='word_1_283' title='bbox 651 3727 820 3780; x_wconf 86' lang='lat' dir='ltr'><strong>Prodromum</strong></span> <span class='ocrx_word' id='word_1_284' title='bbox 842 3729 871 3797; x_wconf 79' lang='lat' dir='ltr'><strong>et</strong></span> <span class='ocrx_word' id='word_1_285' title='bbox 892 3729 1013 3783; x_wconf 88' lang='lat' dir='ltr'><strong>Nicetam</strong></span> <span class='ocrx_word' id='word_1_286' title='bbox 1031 3730 1089 3780; x_wconf 82' lang='lat' dir='ltr'><strong>Eu-</strong></span> 
     </span>
    </p>

    <p class='ocr_par' dir='ltr' id='par_1_11' title="bbox 157 3795 1087 3866">
     <span class='ocr_line' id='line_1_34' title="bbox 157 3795 1087 3866; baseline -0.002 -17"><span class='ocrx_word' id='word_1_287' title='bbox 157 3812 160 3817; x_wconf 88' lang='lat'>·</span> <span class='ocrx_word' id='word_1_288' title='bbox 189 3797 324 3866; x_wconf 82' lang='lat' dir='ltr'><strong>geniunum</strong></span> <span class='ocrx_word' id='word_1_289' title='bbox 343 3815 401 3851; x_wconf 84' lang='lat' dir='ltr'><strong>eum</strong></span> <span class='ocrx_word' id='word_1_290' title='bbox 417 3796 584 3858; x_wconf 79' lang='lat' dir='ltr'><strong>aauteooulos</strong></span> <span class='ocrx_word' id='word_1_291' title='bbox 596 3795 718 3849; x_wconf 83' lang='lat' dir='ltr'><strong>habuisse</strong></span> <span class='ocrx_word' id='word_1_292' title='bbox 728 3795 884 3863; x_wconf 83' lang='lat' dir='ltr'><strong>saepiusque</strong></span> <span class='ocrx_word' id='word_1_293' title='bbox 894 3797 1008 3850; x_wconf 79' lang='lat' dir='ltr'><strong>unitates</strong></span> <span class='ocrx_word' id='word_1_294' title='bbox 1021 3812 1087 3860; x_wconf 83' lang='lat' dir='ltr'><strong>esse,</strong></span> 
     </span>
    </p>
   </div>
   <div class='ocr_carea' id='block_1_8' title="bbox 869 3898 883 3927">
    <p class='ocr_par' dir='ltr' id='par_1_12' title="bbox 869 3898 883 3927">
     <span class='ocr_line' id='line_1_35' title="bbox 869 3898 883 3927; baseline 0 -6"><span class='ocrx_word' id='word_1_295' title='bbox 869 3898 883 3927; x_wconf 60' lang='lat' dir='ltr'><strong>a</strong></span> 
     </span>
    </p>
   </div>
   <div class='ocr_carea' id='block_1_9' title="bbox 0 0 1478 4736">
    <p class='ocr_par' dir='ltr' id='par_1_13' title="bbox 0 0 1478 4736">
     <span class='ocr_line' id='line_1_36' title="bbox 0 0 1478 4736; baseline 0 0"><span class='ocrx_word' id='word_1_296' title='bbox 0 0 1478 4736; x_wconf 95' lang='lat' dir='ltr'><strong> </strong></span> 
     </span>
    </p>
   </div>
  </div>
 </body>
</html>
