2978 4718
366 411 431 476 saa
616 409 766 504 ,nonar
784 404 1075 470 rnsroasmun

434 577 484 634 111.
518 577 587 632 Illud
601 577 684 647 igitur
698 576 900 646 Methymnaeo·
913 573 984 628 inter
1001 575 1031 628 et
1046 569 1222 642 myrum
1231 567 1341 633 badum,

365 663 501 734 insperate
517 667 570 715 tam
593 660 668 716 initio
694 677 770 730 quem
791 661 846 714 tine
868 663 992 730 accepte,
1016 656 1057 711 sic
1080 657 1133 711 luit
1157 653 1340 724 compositum.

366 747 465 800 Verum
481 746 561 800 biems
578 743 710 816 Daphnidi
731 750 812 814 atque
835 743 933 796 Clleee
951 741 1009 812 ipso
1031 740 1100 794 bello
1119 740 1198 809 longe
1215 736 1340 791 acerbior

366 830 458 886 oritur.
501 829 607 900 Quippe
628 827 672 883 nix
689 827 771 880 densa
790 823 902 896 repente
921 824 1022 878 cirum
1045 827 1117 894 lapsa
1142 837 1230 876 omncs
1250 821 1339 874 iuter-

365 913 444 966 dusit
459 912 516 966 rias
533 912 713 981 agricolaeque
729 927 824 963 omnes
848 909 915 962 casis
934 907 1048 961 inclusit
1081 907 1178 977 Rapidi
1202 911 1338 960 torrenta

364 997 442 1068 pleno
459 995 566 1050 flumine
580 997 755 1048 decurrebant
771 994 921 1064 glaciesque
932 998 1112 1052 conuerreret
1130 992 1246 1044 Arbores
1257 989 1337 1059 qnasi

365 1079 857 1152 putataevidebantrn,terrauuirersa
865 1079 1124 1147 eoepertsnuequam
1132 1076 1275 1145 apparebat
1283 1073 1337 1128 rrisi

365 1165 436 1218 circa
452 1167 587 1218 scatebras
604 1172 632 1215 ct
647 1163 751 1216 duvios.
769 1163 854 1215 Neruo
871 1162 962 1231 itaque
978 1159 1251 1230 gregewpabulatum
1267 1158 1336 1212 edu-

365 1249 443 1301 cebat
459 1249 503 1300 vel
517 1248 575 1316 ipse
590 1247 715 1318 prodibat
728 1247 818 1309 ieras,
834 1246 882 1300 aed
897 1243 1039 1298 luculentis
1050 1243 1117 1298 luds
1127 1243 1243 1296 mecm&
1264 1249 1336 1296 ten-

364 1349 430 1403 pore
447 1333 572 1400 gallorum
599 1334 688 1384 centus
706 1329 752 1382 elii
772 1329 824 1383 lina
840 1331 991 1394 varubrmt,
1009 1327 1052 1382 alii
1069 1327 1187 1398 caprinus
1207 1323 1335 1380 contexe-

364 1417 429 1469 baut
444 1405 520 1486 pilos,
547 1415 592 1470 alii
615 1415 765 1468 tendiculas
781 1415 873 1467 avibus
891 1413 1021 1484 capiendis
1036 1412 1183 1465 artificiose
1196 1419 1335 1464 comtrue-

363 1500 437 1554 bant
472 1499 549 1552 Tunc
566 1501 648 1552 boves
666 1499 792 1551 curabunt
806 1498 834 1551 in
850 1495 1019 1568 praesepibus
1037 1497 1127 1566 palea,
1146 1511 1236 1565 capras
1253 1511 1334 1551 evet-

363 1601 416 1654 que
431 1583 459 1636 iu
474 1583 555 1638 cauis
571 1583 681 1652 froude,
705 1599 801 1654 porcos
816 1581 843 1636 in
860 1583 929 1636 lrarls
948 1581 1051 1652 iliguels
1066 1580 1241 1652 quandoque
1256 1578 1335 1648 plun-

363 1665 449 1722 dibus.
929 1695 931 1706 r
1144 1695 1147 1704 ι

431 1751 478 1806 lV.
512 1750 607 1828 Itaque
625 1749 682 1806 euru
704 1768 792 1806 munes
814 1738 961 1806 neceisarie
983 1748 1053 1804 demi
1069 1748 1263 1811 detinerentur,
1287 1763 1333 1800 ce-

363 1834 416 1890 seri
433 1835 564 1902 agricolae
582 1843 662 1906 atque
684 1843 802 1904 pastores
819 1836 940 1904 legebant
955 1833 1065 1898 hilares,
1089 1839 1184 1904 utpote
1200 1831 1245 1902 qui
1260 1847 1277 1882 a
1292 1830 1335 1882 ls-

362 1917 471 1972 boribus
484 1918 596 1986 peullum
606 1918 712 1970 liberati
723 1925 811 1970 essent
823 1918 959 1988 cibumque
970 1917 1123 1973 mantuan
1133 1921 1264 1973 numerant
1275 1917 1335 1968 len-

277 2057 279 2064 Α
362 2018 479 2070 gismque
490 2000 637 2054 dormirent
652 2015 783 2063 semnunrs
798 2001 836 2052 ita
852 2008 882 2052 ut
893 2001 956 2070 ipsis
968 1992 1050 2054 bieria
1073 2007 1184 2064 aestate,
1196 2005 1333 2062 autumno,

361 2083 438 2136 immo
456 2083 513 2152 ipso
534 2100 599 2135 vere
619 2083 757 2138 iucundior
778 2083 943 2137 videreturs¹
958 2089 987 2136 at
1013 2081 1095 2138 culos
1116 2083 1284 2156 Daphnisque
1304 2081 1335 2136 iu

360 2166 510 2224 memoriam
531 2165 733 2220 intermissurum
765 2167 927 2236 voluptatum
953 2166 1088 2232 revocati,
1117 2175 1149 2220 ut
1165 2167 1281 2222 uculatl
1302 2183 1335 2220 se

362 2251 484 2316 luissent,
499 2250 573 2306 utin
589 2257 739 2306 mutuasse
757 2250 892 2304 dedissent
908 2251 1074 2322 complexus,
1090 2257 1128 2304 uc
1143 2251 1273 2308 connuui
1289 2249 1334 2308 dal

361 2334 474 2388 inissent
494 2353 570 2399 aaa,
592 2335 647 2388 iam
666 2341 758 2388 noctes
781 2335 962 2405 trarrsigebant
982 2336 1118 2424 irmomncq
1138 2343 1219 2407 atque
1238 2333 1335 2393 moesti

360 2418 476 2488 nihilque
497 2426 550 2474 tam
573 2420 650 2472 aride
673 2421 863 2490 exspectabant
892 2437 969 2489 quam
993 2438 1102 2475 vernum
1126 2426 1244 2492 tempus,
1277 2437 1331 2490 quo

361 2503 436 2572 quasi
453 2519 486 2556 ex
502 2509 588 2558 morte
602 2503 704 2559 sonatio
721 2503 784 2573 ipsis
807 2507 878 2556 esset
895 2505 990 2558 luntre.
1015 2504 1098 2558 Dolor
1113 2513 1251 2576 praeterea
1266 2503 1332 2574 ipsis

355 2587 546 2668 oboriebatur,
570 2589 673 2658 quando
697 2589 740 2642 vel
750 2639 752 2646 ,
764 2605 828 2658 pera
850 2589 977 2660 quaedem
994 2588 1020 2642 in
1036 2606 1125 2644 manos
1142 2607 1231 2642 eorum
1248 2589 1332 2655 venit,

361 2691 464 2742 exque
482 2673 567 2726 cibum
583 2679 660 2726 autea
678 2678 856 2742 promserunt,
884 2672 926 2725 vel
938 2672 1092 2737 mulctrum,
1121 2675 1191 2728 unde
1203 2674 1276 2744 prius
1290 2673 1333 2728 si·

359 2757 413 2810 mul
440 2761 612 2832 potaverant,
639 2755 681 2809 vel
706 2756 796 2808 fistula
816 2755 954 2824 neglectim
977 2755 1109 2826 proiecta,
1139 2774 1209 2828 qnae
1234 2755 1333 2812 donam

360 2846 418 2892 erat
433 2839 594 2892 aruatorium.
628 2837 763 2907 Nymphas
781 2838 862 2908 igitur
880 2845 908 2891 et
925 2839 999 2893 Paua
1019 2843 1209 2910 precabantur,
1243 2847 1274 2896 at
1299 2858 1332 2896 se

359 2922 432 2974 hisce
449 2921 602 2992 expedirent
618 2920 706 2984 melis,
731 2921 782 2974 sibi
803 2921 980 2992 gregibusque
1004 2927 1085 2980 solem
1101 2924 1203 2978 medem
1219 2924 1332 2980 exhibe-

359 3012 427 3068 rent,
446 3012 537 3056 etune
553 3003 684 3072 precando
702 3005 863 3072 quaerebant
878 3005 929 3058 sibi
945 3005 1087 3076 viamque
1102 3025 1132 3060 se
1147 3013 1235 3062 mutuo
1251 3007 1332 3066 vide-

359 3093 427 3142 rent.
446 3086 528 3138 Chloe
544 3093 631 3138 autern
648 3085 786 3138 admodum
808 3087 885 3138 animi
903 3089 983 3142 dubia
1001 3089 1151 3162 consiliique
1172 3092 1248 3162 plane
1270 3098 1332 3148 erat

359 3163 449 3242 iuops;
467 3185 578 3240 namque
594 3168 630 3220 illi
653 3186 694 3233 ee,
711 3187 779 3239 quae
801 3169 948 3227 habebatur
964 3181 1062 3240 mater,
1078 3193 1181 3249 semper
1197 3178 1331 3234 assidebat

359 3255 442 3308 lanam
459 3251 601 3308 carmiuare
618 3252 714 3307 docens
733 3267 761 3308 at
775 3259 901 3326 torquere
917 3259 1017 3324 fusum,
1051 3275 1234 3330 nonnunquam
1251 3263 1330 3320 etiam

358 3339 464 3392 ineundi
481 3337 596 3406 coniugii
606 3338 760 3392 mentionem
771 3339 904 3396 iuiicienas
920 3342 1037 3414 Daphnis
1053 3362 1127 3409 vero,
1143 3353 1238 3416 utpote
1249 3347 1331 3404 oliuu

360 3439 441 3492 agens
464 3429 492 3475 et
516 3421 602 3492 puella
625 3421 770 3488 sollertior,
790 3423 969 3480 huiuscemodi
986 3435 1070 3484 artem
1086 3427 1217 3492 videndae
1233 3431 1331 3486 Chloes

359 3507 521 3574 excogitavit
1261 3507 1264 3512 '

426 3591 461 3642 V.
496 3592 566 3644 Ante
583 3608 668 3646 casem
690 3591 818 3661 Dryantis
835 3597 863 3646 et
884 3593 988 3663 quidem
1010 3597 1059 3652 sub
1083 3589 1142 3668 ipsa
1165 3615 1226 3655 casa
1249 3603 1332 3671 myrti

358 3692 486 3748 procerae
502 3675 570 3728 duae
588 3681 616 3728 et
632 3675 729 3728 hedera
745 3681 828 3734 eraut.
853 3675 937 3748 Myrti
957 3677 1032 3732 iuxta
1047 3697 1078 3735 se
1094 3681 1197 3752 sicinae
1212 3671 1332 3754 eubano,

358 3761 456 3817 hedera
472 3769 537 3815 ve'ro
551 3758 578 3816 iu
594 3758 677 3816 medo
698 3757 836 3834 utiusque
861 3769 932 3828 crat,
959 3779 1029 3836 quae
1049 3765 1085 3820 sd
1106 3757 1244 3842 utramque
1267 3786 1334 3836 spos
