<?xml version="1.0" encoding="UTF-8"?>
<!DOCTYPE html PUBLIC "-//W3C//DTD XHTML 1.0 Transitional//EN"
    "http://www.w3.org/TR/xhtml1/DTD/xhtml1-transitional.dtd">
<html xmlns="http://www.w3.org/1999/xhtml" xml:lang="en" lang="en">
 <head>
  <title>
</title>
<meta http-equiv="Content-Type" content="text/html;charset=utf-8" />
  <meta name='ocr-system' content='tesseract 3.04.00' />
  <meta name='ocr-capabilities' content='ocr_page ocr_carea ocr_par ocr_line ocrx_word'/>
</head>
<body>
  <div class='ocr_page' id='page_1' title='image "./longipastoralia00brungoog_0429.png"; bbox 0 0 2920 4730; ppageno 0'>
   <div class='ocr_carea' id='block_1_1' title="bbox 406 401 1123 475">
    <p class='ocr_par' dir='ltr' id='par_1_1' title="bbox 406 401 1123 475">
     <span class='ocr_line' id='line_1_1' title="bbox 406 401 1123 475; baseline -0.017 0"><span class='ocrx_word' id='word_1_1' title='bbox 406 409 470 475; x_wconf 73' lang='lat' dir='ltr'>tto</span> <span class='ocrx_word' id='word_1_2' title='bbox 731 401 1055 470; x_wconf 74' lang='lat' dir='ltr'>ADNOTATioNES</span> <span class='ocrx_word' id='word_1_3' title='bbox 1122 437 1123 443; x_wconf 23' lang='grc' dir='ltr'><strong>κ</strong></span> 
     </span>
    </p>
   </div>
   <div class='ocr_carea' id='block_1_2' title="bbox 407 555 1381 902">
    <p class='ocr_par' dir='ltr' id='par_1_2' title="bbox 407 555 1381 902">
     <span class='ocr_line' id='line_1_2' title="bbox 409 555 1380 645; baseline -0.005 -13"><span class='ocrx_word' id='word_1_4' title='bbox 409 583 437 632; x_wconf 91' lang='lat' dir='ltr'>et</span> <span class='ocrx_word' id='word_1_5' title='bbox 454 578 493 631; x_wconf 85' lang='lat' dir='ltr'>Id.</span> <span class='ocrx_word' id='word_1_6' title='bbox 505 578 539 629; x_wconf 88' lang='lat' dir='ltr'>V.</span> <span class='ocrx_word' id='word_1_7' title='bbox 557 591 584 630; x_wconf 80' lang='grc' dir='ltr'>ν.</span> <span class='ocrx_word' id='word_1_8' title='bbox 597 576 659 630; x_wconf 76' lang='lat' dir='ltr'>ross</span> <span class='ocrx_word' id='word_1_9' title='bbox 679 570 742 630; x_wconf 72' lang='lat' dir='ltr'>ote·</span> <span class='ocrx_word' id='word_1_10' title='bbox 762 572 821 630; x_wconf 78' lang='grc' dir='ltr'>ἀπο·</span> <span class='ocrx_word' id='word_1_11' title='bbox 840 569 937 645; x_wconf 74' lang='grc' dir='ltr'><em>δρυός,</em></span> <span class='ocrx_word' id='word_1_12' title='bbox 955 555 1036 635; x_wconf 74' lang='grc' dir='ltr'>οὗτος</span> <span class='ocrx_word' id='word_1_13' title='bbox 1054 567 1233 644; x_wconf 71' lang='grc' dir='ltr'>ὃΚοὶναρος,</span> <span class='ocrx_word' id='word_1_14' title='bbox 1250 565 1380 628; x_wconf 67' lang='lat' dir='ltr'>traxe-</span> 
     </span>
     <span class='ocr_line' id='line_1_3' title="bbox 407 651 1381 730; baseline -0.006 -14"><span class='ocrx_word' id='word_1_15' title='bbox 407 667 494 716; x_wconf 69' lang='lat' dir='ltr'>rotdo</span> <span class='ocrx_word' id='word_1_16' title='bbox 530 661 825 728; x_wconf 71' lang='grc' dir='ltr'>Τουττὶβοοκαοεῖοθα</span> <span class='ocrx_word' id='word_1_17' title='bbox 837 655 895 712; x_wconf 84' lang='grc' dir='ltr'>ποτ’</span> <span class='ocrx_word' id='word_1_18' title='bbox 908 653 1021 717; x_wconf 72' lang='grc' dir='ltr'>ἀντολὰς</span> <span class='ocrx_word' id='word_1_19' title='bbox 1040 655 1078 718; x_wconf 80' lang='lat' dir='ltr'>oic</span> <span class='ocrx_word' id='word_1_20' title='bbox 1097 651 1261 730; x_wconf 74' lang='grc' dir='ltr'>ὁφάλαρος.</span> <span class='ocrx_word' id='word_1_21' title='bbox 1280 658 1381 726; x_wconf 82' lang='lat' dir='ltr'>(Forte</span> 
     </span>
     <span class='ocr_line' id='line_1_4' title="bbox 409 741 1381 816; baseline -0.005 -16"><span class='ocrx_word' id='word_1_22' title='bbox 409 742 577 816; x_wconf 78' lang='grc' dir='ltr'>Φαλααρός.)</span> <span class='ocrx_word' id='word_1_23' title='bbox 612 745 697 798; x_wconf 85' lang='lat' dir='ltr'>Recto</span> <span class='ocrx_word' id='word_1_24' title='bbox 713 743 812 798; x_wconf 86' lang='lat' dir='ltr'>Bodeo.</span> <span class='ocrx_word' id='word_1_25' title='bbox 830 742 933 798; x_wconf 76' lang='lat' dir='ltr'>confert</span> <span class='ocrx_word' id='word_1_26' title='bbox 950 741 981 799; x_wconf 83' lang='lat' dir='ltr'>S.</span> <span class='ocrx_word' id='word_1_27' title='bbox 996 741 1120 800; x_wconf 77' lang='lat' dir='ltr'>laomen</span> <span class='ocrx_word' id='word_1_28' title='bbox 1140 761 1163 798; x_wconf 89' lang='lat' dir='ltr'>o.</span> <span class='ocrx_word' id='word_1_29' title='bbox 1178 747 1219 796; x_wconf 85' lang='lat'>10.</span> <span class='ocrx_word' id='word_1_30' title='bbox 1245 745 1308 797; x_wconf 69' lang='lat' dir='ltr'>uti.</span> <span class='ocrx_word' id='word_1_31' title='bbox 1333 743 1381 797; x_wconf 88' lang='lat' dir='ltr'>ubi</span> 
     </span>
     <span class='ocr_line' id='line_1_5' title="bbox 408 819 1341 902; baseline -0.009 -14"><span class='ocrx_word' id='word_1_32' title='bbox 408 831 441 888; x_wconf 88' lang='lat' dir='ltr'>de</span> <span class='ocrx_word' id='word_1_33' title='bbox 457 837 564 902; x_wconf 75' lang='lat' dir='ltr'>pastore</span> <span class='ocrx_word' id='word_1_34' title='bbox 581 828 628 882; x_wconf 81' lang='lat' dir='ltr'>eoi</span> <span class='ocrx_word' id='word_1_35' title='bbox 638 823 672 882; x_wconf 76' lang='lat' dir='ltr'>roi</span> <span class='ocrx_word' id='word_1_36' title='bbox 684 821 809 901; x_wconf 77' lang='grc' dir='ltr'>πρόβατα</span> <span class='ocrx_word' id='word_1_37' title='bbox 821 822 966 880; x_wconf 72' lang='grc' dir='ltr'>καλεῖται’</span> <span class='ocrx_word' id='word_1_38' title='bbox 980 819 1082 898; x_wconf 80' lang='grc' dir='ltr'>ὄνομα.</span> <span class='ocrx_word' id='word_1_39' title='bbox 1099 827 1179 882; x_wconf 78' lang='lat' dir='ltr'>Vtar..</span> <span class='ocrx_word' id='word_1_40' title='bbox 1196 842 1224 896; x_wconf 90' lang='lat' dir='ltr'>p.</span> <span class='ocrx_word' id='word_1_41' title='bbox 1235 831 1341 898; x_wconf 63' lang='grc' dir='ltr'>θωνα.</span> 
     </span>
    </p>
   </div>
   <div class='ocr_carea' id='block_1_3' title="bbox 711 1029 1060 1094">
    <p class='ocr_par' dir='ltr' id='par_1_3' title="bbox 711 1029 1060 1094">
     <span class='ocr_line' id='line_1_6' title="bbox 711 1029 1060 1094; baseline 0 -2"><span class='ocrx_word' id='word_1_42' title='bbox 711 1031 799 1094; x_wconf 74' lang='lat' dir='ltr'>,GA</span> <span class='ocrx_word' id='word_1_43' title='bbox 820 1032 867 1094; x_wconf 64' lang='lat'>1³:</span> <span class='ocrx_word' id='word_1_44' title='bbox 895 1029 1060 1094; x_wconf 76' lang='lat' dir='ltr'><strong>XXXIX.</strong></span> 
     </span>
    </p>
   </div>
   <div class='ocr_carea' id='block_1_4' title="bbox 393 1163 1443 3844">
    <p class='ocr_par' dir='ltr' id='par_1_4' title="bbox 475 1163 1099 1238">
     <span class='ocr_line' id='line_1_7' title="bbox 475 1163 1099 1238; baseline -0.01 -18"><span class='ocrx_word' id='word_1_45' title='bbox 475 1165 645 1238; x_wconf 71' lang='grc' dir='ltr'>ποιμενικὸν]</span> <span class='ocrx_word' id='word_1_46' title='bbox 663 1165 744 1222; x_wconf 76' lang='lat' dir='ltr'>cour.</span> <span class='ocrx_word' id='word_1_47' title='bbox 759 1163 912 1234; x_wconf 74' lang='lat' dir='ltr'>suspicamr</span> <span class='ocrx_word' id='word_1_48' title='bbox 923 1164 1099 1235; x_wconf 62' lang='lat' dir='ltr'>cooperturis.</span> 
     </span>
    </p>

    <p class='ocr_par' dir='ltr' id='par_1_5' title="bbox 405 1242 1377 1656">
     <span class='ocr_line' id='line_1_8' title="bbox 475 1242 1377 1322; baseline -0.007 -15"><span class='ocrx_word' id='word_1_49' title='bbox 475 1249 599 1322; x_wconf 76' lang='grc' dir='ltr'>ὀπώραν]</span> <span class='ocrx_word' id='word_1_50' title='bbox 617 1251 663 1320; x_wconf 82' lang='lat' dir='ltr'>Sic</span> <span class='ocrx_word' id='word_1_51' title='bbox 679 1248 773 1318; x_wconf 75' lang='lat' dir='ltr'><strong>scripsi</strong></span> <span class='ocrx_word' id='word_1_52' title='bbox 789 1265 822 1301; x_wconf 82' lang='lat' dir='ltr'>ex</span> <span class='ocrx_word' id='word_1_53' title='bbox 836 1259 870 1305; x_wconf 77' lang='grc' dir='ltr'>Δ.</span> <span class='ocrx_word' id='word_1_54' title='bbox 905 1247 992 1318; x_wconf 81' lang='lat' dir='ltr'>Vulgo</span> <span class='ocrx_word' id='word_1_55' title='bbox 1019 1242 1139 1318; x_wconf 70' lang='grc' dir='ltr'>ὀπώρας.</span> <span class='ocrx_word' id='word_1_56' title='bbox 1163 1274 1197 1287; x_wconf 97' lang='grc'>-</span> <span class='ocrx_word' id='word_1_57' title='bbox 1223 1247 1312 1302; x_wconf 78' lang='lat' dir='ltr'><strong>Paullo</strong></span> <span class='ocrx_word' id='word_1_58' title='bbox 1332 1264 1377 1301; x_wconf 84' lang='lat' dir='ltr'>ra-</span> 
     </span>
     <span class='ocr_line' id='line_1_9' title="bbox 407 1329 1377 1405; baseline -0.003 -17"><span class='ocrx_word' id='word_1_59' title='bbox 407 1337 461 1388; x_wconf 91' lang='lat' dir='ltr'>rior</span> <span class='ocrx_word' id='word_1_60' title='bbox 482 1353 544 1388; x_wconf 89' lang='lat' dir='ltr'>usus</span> <span class='ocrx_word' id='word_1_61' title='bbox 567 1333 681 1405; x_wconf 77' lang='lat' dir='ltr'>pluralis.</span> <span class='ocrx_word' id='word_1_62' title='bbox 724 1329 846 1400; x_wconf 77' lang='grc' dir='ltr'>Τραοιὰν</span> <span class='ocrx_word' id='word_1_63' title='bbox 867 1329 1049 1401; x_wconf 82' lang='lat' dir='ltr'>Aristophanis</span> <span class='ocrx_word' id='word_1_64' title='bbox 1074 1329 1146 1384; x_wconf 89' lang='lat' dir='ltr'>Nub.</span> <span class='ocrx_word' id='word_1_65' title='bbox 1169 1348 1195 1382; x_wconf 86' lang='lat' dir='ltr'>v.</span> <span class='ocrx_word' id='word_1_66' title='bbox 1214 1336 1256 1384; x_wconf 83' lang='lat'>50.</span> <span class='ocrx_word' id='word_1_67' title='bbox 1279 1331 1377 1386; x_wconf 83' lang='lat' dir='ltr'>Glosse</span> 
     </span>
     <span class='ocr_line' id='line_1_10' title="bbox 406 1402 1375 1488; baseline -0.006 -15"><span class='ocrx_word' id='word_1_68' title='bbox 406 1419 474 1488; x_wconf 84' lang='lat' dir='ltr'>apud</span> <span class='ocrx_word' id='word_1_69' title='bbox 489 1419 604 1473; x_wconf 80' lang='lat' dir='ltr'>Brunok.</span> <span class='ocrx_word' id='word_1_70' title='bbox 622 1416 735 1488; x_wconf 84' lang='lat' dir='ltr'>explieat</span> <span class='ocrx_word' id='word_1_71' title='bbox 751 1409 843 1482; x_wconf 74' lang='grc' dir='ltr'>ξύλον,</span> <span class='ocrx_word' id='word_1_72' title='bbox 860 1413 891 1468; x_wconf 76' lang='grc' dir='ltr'>ἐν</span> <span class='ocrx_word' id='word_1_73' title='bbox 903 1402 925 1482; x_wconf 77' lang='grc' dir='ltr'><em>ᾧ</em></span> <span class='ocrx_word' id='word_1_74' title='bbox 936 1409 1109 1486; x_wconf 25' lang='grc' dir='ltr'>τοὶςιόττῶρας</span> <span class='ocrx_word' id='word_1_75' title='bbox 1119 1409 1271 1484; x_wconf 73' lang='grc' dir='ltr'>ἐξῆραινον.</span> <span class='ocrx_word' id='word_1_76' title='bbox 1305 1417 1375 1468; x_wconf 76' lang='lat' dir='ltr'>Add.</span> 
     </span>
     <span class='ocr_line' id='line_1_11' title="bbox 405 1497 1377 1574; baseline -0.002 -16"><span class='ocrx_word' id='word_1_77' title='bbox 405 1505 577 1570; x_wconf 74' lang='grc' dir='ltr'>Η.8ῑορ1ιαττ.</span> <span class='ocrx_word' id='word_1_78' title='bbox 594 1503 674 1556; x_wconf 82' lang='lat' dir='ltr'>Thes.</span> <span class='ocrx_word' id='word_1_79' title='bbox 690 1503 726 1556; x_wconf 87' lang='lat' dir='ltr'>G.</span> <span class='ocrx_word' id='word_1_80' title='bbox 744 1501 777 1554; x_wconf 73' lang='lat'>1.</span> <span class='ocrx_word' id='word_1_81' title='bbox 793 1499 828 1554; x_wconf 89' lang='lat' dir='ltr'>T.</span> <span class='ocrx_word' id='word_1_82' title='bbox 845 1499 882 1554; x_wconf 88' lang='lat'>11.</span> <span class='ocrx_word' id='word_1_83' title='bbox 906 1497 955 1574; x_wconf 84' lang='lat' dir='ltr'>ool.</span> <span class='ocrx_word' id='word_1_84' title='bbox 973 1501 1049 1556; x_wconf 73' lang='lat'><strong>1414.</strong></span> <span class='ocrx_word' id='word_1_85' title='bbox 1073 1499 1106 1553; x_wconf 75' lang='lat' dir='ltr'>F.</span> <span class='ocrx_word' id='word_1_86' title='bbox 1123 1499 1243 1554; x_wconf 71' lang='lat' dir='ltr'>Seuerou.</span> <span class='ocrx_word' id='word_1_87' title='bbox 1266 1518 1293 1572; x_wconf 92' lang='lat' dir='ltr'>p.</span> <span class='ocrx_word' id='word_1_88' title='bbox 1312 1505 1377 1557; x_wconf 77' lang='lat'>429.</span> 
     </span>
     <span class='ocr_line' id='line_1_12' title="bbox 405 1582 887 1656; baseline -0.01 -15"><span class='ocrx_word' id='word_1_89' title='bbox 405 1587 448 1640; x_wconf 79' lang='lat' dir='ltr'>Cf.</span> <span class='ocrx_word' id='word_1_90' title='bbox 465 1588 482 1640; x_wconf 93' lang='lat' dir='ltr'>l.</span> <span class='ocrx_word' id='word_1_91' title='bbox 494 1588 544 1656; x_wconf 74' lang='grc' dir='ltr'>ΠΙ.</span> <span class='ocrx_word' id='word_1_92' title='bbox 562 1603 586 1641; x_wconf 86' lang='lat' dir='ltr'>c.</span> <span class='ocrx_word' id='word_1_93' title='bbox 596 1590 639 1642; x_wconf 83' lang='lat'>24.</span> <span class='ocrx_word' id='word_1_94' title='bbox 658 1582 770 1656; x_wconf 79' lang='grc' dir='ltr'><strong><em>ὀπώρας</em></strong></span> <span class='ocrx_word' id='word_1_95' title='bbox 781 1584 887 1638; x_wconf 74' lang='grc' dir='ltr'>ἔσθων.</span> 
     </span>
    </p>

    <p class='ocr_par' dir='ltr' id='par_1_6' title="bbox 403 1657 1375 2060">
     <span class='ocr_line' id='line_1_13' title="bbox 474 1657 1375 1742; baseline 0 -20"><span class='ocrx_word' id='word_1_96' title='bbox 474 1671 570 1742; x_wconf 63' lang='lat' dir='ltr'>[pipin</span> <span class='ocrx_word' id='word_1_97' title='bbox 589 1673 665 1724; x_wconf 91' lang='lat' dir='ltr'>Hane</span> <span class='ocrx_word' id='word_1_98' title='bbox 682 1687 783 1734; x_wconf 83' lang='lat' dir='ltr'>vocem,</span> <span class='ocrx_word' id='word_1_99' title='bbox 802 1668 836 1722; x_wconf 91' lang='lat' dir='ltr'>de</span> <span class='ocrx_word' id='word_1_100' title='bbox 852 1683 905 1738; x_wconf 83' lang='lat' dir='ltr'>quo</span> <span class='ocrx_word' id='word_1_101' title='bbox 918 1665 1069 1736; x_wconf 73' lang='lat' dir='ltr'>reponenda</span> <span class='ocrx_word' id='word_1_102' title='bbox 1090 1667 1142 1724; x_wconf 81' lang='lat' dir='ltr'>iem</span> <span class='ocrx_word' id='word_1_103' title='bbox 1158 1673 1220 1722; x_wconf 86' lang='lat' dir='ltr'>onte</span> <span class='ocrx_word' id='word_1_104' title='bbox 1237 1657 1375 1738; x_wconf 80' lang='lat' dir='ltr'>cogitave-</span> 
     </span>
     <span class='ocr_line' id='line_1_14' title="bbox 404 1751 1374 1828; baseline -0.008 -17"><span class='ocrx_word' id='word_1_105' title='bbox 404 1763 464 1812; x_wconf 75' lang='lat' dir='ltr'>rant</span> <span class='ocrx_word' id='word_1_106' title='bbox 481 1756 605 1820; x_wconf 78' lang='lat' dir='ltr'>editores,</span> <span class='ocrx_word' id='word_1_107' title='bbox 629 1754 705 1826; x_wconf 89' lang='lat' dir='ltr'>primi</span> <span class='ocrx_word' id='word_1_108' title='bbox 725 1753 859 1810; x_wconf 84' lang='lat' dir='ltr'>Schaeier.</span> <span class='ocrx_word' id='word_1_109' title='bbox 880 1757 909 1806; x_wconf 89' lang='lat' dir='ltr'>et</span> <span class='ocrx_word' id='word_1_110' title='bbox 933 1751 1084 1828; x_wconf 65' lang='lat' dir='ltr'>(tornesio</span> <span class='ocrx_word' id='word_1_111' title='bbox 1107 1751 1196 1806; x_wconf 86' lang='lat' dir='ltr'>verbis</span> <span class='ocrx_word' id='word_1_112' title='bbox 1216 1759 1374 1823; x_wconf 85' lang='lat' dir='ltr'>posueruut.</span> 
     </span>
     <span class='ocr_line' id='line_1_15' title="bbox 405 1834 1375 1907; baseline -0.001 -14"><span class='ocrx_word' id='word_1_113' title='bbox 405 1841 503 1893; x_wconf 83' lang='lat' dir='ltr'>Corin</span> <span class='ocrx_word' id='word_1_114' title='bbox 520 1839 637 1894; x_wconf 89' lang='lat' dir='ltr'>omnibus</span> <span class='ocrx_word' id='word_1_115' title='bbox 654 1838 816 1892; x_wconf 76' lang='lat' dir='ltr'>desideretur</span> <span class='ocrx_word' id='word_1_116' title='bbox 833 1835 919 1900; x_wconf 84' lang='lat' dir='ltr'>codd,</span> <span class='ocrx_word' id='word_1_117' title='bbox 947 1834 1024 1890; x_wconf 84' lang='lat' dir='ltr'>tecile</span> <span class='ocrx_word' id='word_1_118' title='bbox 1051 1839 1093 1892; x_wconf 86' lang='lat' dir='ltr'>est</span> <span class='ocrx_word' id='word_1_119' title='bbox 1118 1837 1258 1907; x_wconf 82' lang='lat' dir='ltr'>explicatu.</span> <span class='ocrx_word' id='word_1_120' title='bbox 1293 1838 1375 1892; x_wconf 79' lang='lat' dir='ltr'>Elisit</span> 
     </span>
     <span class='ocr_line' id='line_1_16' title="bbox 403 1919 1373 1993; baseline 0 -16"><span class='ocrx_word' id='word_1_121' title='bbox 403 1924 522 1977; x_wconf 89' lang='lat' dir='ltr'>nimirum</span> <span class='ocrx_word' id='word_1_122' title='bbox 538 1925 638 1993; x_wconf 77' lang='lat' dir='ltr'>syllaba</span> <span class='ocrx_word' id='word_1_123' title='bbox 654 1922 810 1978; x_wconf 77' lang='lat' dir='ltr'>antecedens</span> <span class='ocrx_word' id='word_1_124' title='bbox 827 1923 870 1976; x_wconf 73' lang='grc' dir='ltr'>ἄν.</span> <span class='ocrx_word' id='word_1_125' title='bbox 904 1919 983 1986; x_wconf 79' lang='lat' dir='ltr'>Quod</span> <span class='ocrx_word' id='word_1_126' title='bbox 1000 1919 1062 1974; x_wconf 73' lang='lat' dir='ltr'>Vult</span> <span class='ocrx_word' id='word_1_127' title='bbox 1081 1919 1163 1974; x_wconf 81' lang='lat' dir='ltr'>edidit</span> <span class='ocrx_word' id='word_1_128' title='bbox 1187 1921 1258 1977; x_wconf 80' lang='lat' dir='ltr'>nulle</span> <span class='ocrx_word' id='word_1_129' title='bbox 1281 1922 1373 1977; x_wconf 87' lang='lat' dir='ltr'>libror.</span> 
     </span>
     <span class='ocr_line' id='line_1_17' title="bbox 403 2007 679 2060; baseline 0 0"><span class='ocrx_word' id='word_1_130' title='bbox 403 2007 560 2060; x_wconf 84' lang='lat' dir='ltr'>auctoritate</span> <span class='ocrx_word' id='word_1_131' title='bbox 580 2007 679 2060; x_wconf 89' lang='lat' dir='ltr'>nititur.</span> 
     </span>
    </p>

    <p class='ocr_par' dir='ltr' id='par_1_7' title="bbox 393 2083 1443 3844">
     <span class='ocr_line' id='line_1_18' title="bbox 405 2083 1369 2158; baseline -0.001 -15"><span class='ocrx_word' id='word_1_132' title='bbox 405 2087 408 2092; x_wconf 62' lang='grc'>“</span> <span class='ocrx_word' id='word_1_133' title='bbox 471 2084 554 2148; x_wconf 77' lang='grc' dir='ltr'>οὕτως</span> <span class='ocrx_word' id='word_1_134' title='bbox 564 2086 658 2148; x_wconf 78' lang='grc' dir='ltr'>αὐτοῖς</span> <span class='ocrx_word' id='word_1_135' title='bbox 668 2089 716 2142; x_wconf 77' lang='grc' dir='ltr'>καὶ</span> <span class='ocrx_word' id='word_1_136' title='bbox 727 2089 811 2144; x_wconf 81' lang='grc' dir='ltr'>ταῦτα</span> <span class='ocrx_word' id='word_1_137' title='bbox 824 2083 1025 2158; x_wconf 76' lang='grc' dir='ltr'>συνεγήραοεν]</span> <span class='ocrx_word' id='word_1_138' title='bbox 1051 2099 1084 2146; x_wconf 78' lang='lat' dir='ltr'>n.</span> <span class='ocrx_word' id='word_1_139' title='bbox 1108 2087 1205 2142; x_wconf 89' lang='lat' dir='ltr'>omittit</span> <span class='ocrx_word' id='word_1_140' title='bbox 1224 2107 1250 2142; x_wconf 86' lang='lat' dir='ltr'>v.</span> <span class='ocrx_word' id='word_1_141' title='bbox 1274 2084 1369 2155; x_wconf 78' lang='grc' dir='ltr'>οὕτως,</span> 
     </span>
     <span class='ocr_line' id='line_1_19' title="bbox 401 2172 1372 2246; baseline 0.001 -20"><span class='ocrx_word' id='word_1_142' title='bbox 401 2172 429 2226; x_wconf 87' lang='lat' dir='ltr'>in</span> <span class='ocrx_word' id='word_1_143' title='bbox 451 2191 503 2244; x_wconf 90' lang='lat' dir='ltr'>quo</span> <span class='ocrx_word' id='word_1_144' title='bbox 526 2173 608 2238; x_wconf 88' lang='lat' dir='ltr'>libro,</span> <span class='ocrx_word' id='word_1_145' title='bbox 633 2173 846 2244; x_wconf 76' lang='lat' dir='ltr'>quemadmodum</span> <span class='ocrx_word' id='word_1_146' title='bbox 867 2173 894 2226; x_wconf 93' lang='lat' dir='ltr'>in</span> <span class='ocrx_word' id='word_1_147' title='bbox 910 2186 938 2232; x_wconf 75' lang='grc' dir='ltr'><strong>Δ</strong></span> <span class='ocrx_word' id='word_1_148' title='bbox 960 2174 1042 2227; x_wconf 76' lang='lat' dir='ltr'>verba</span> <span class='ocrx_word' id='word_1_149' title='bbox 1059 2191 1116 2226; x_wconf 88' lang='lat' dir='ltr'>cum</span> <span class='ocrx_word' id='word_1_150' title='bbox 1133 2181 1233 2226; x_wconf 88' lang='lat' dir='ltr'>antece.</span> <span class='ocrx_word' id='word_1_151' title='bbox 1251 2180 1278 2226; x_wconf 94' lang='lat' dir='ltr'>et</span> <span class='ocrx_word' id='word_1_152' title='bbox 1296 2192 1372 2246; x_wconf 86' lang='lat' dir='ltr'><strong>seqq.</strong></span> 
     </span>
     <span class='ocr_line' id='line_1_20' title="bbox 401 2255 1371 2326; baseline 0.003 -16"><span class='ocrx_word' id='word_1_153' title='bbox 401 2255 525 2326; x_wconf 82' lang='lat' dir='ltr'>leguntur</span> <span class='ocrx_word' id='word_1_154' title='bbox 543 2257 688 2312; x_wconf 87' lang='lat' dir='ltr'>coniuncte.</span> <span class='ocrx_word' id='word_1_155' title='bbox 722 2257 812 2311; x_wconf 79' lang='lat' dir='ltr'>Habet</span> <span class='ocrx_word' id='word_1_156' title='bbox 835 2255 877 2310; x_wconf 91' lang='lat' dir='ltr'>hic</span> <span class='ocrx_word' id='word_1_157' title='bbox 898 2257 972 2310; x_wconf 87' lang='lat' dir='ltr'>locus</span> <span class='ocrx_word' id='word_1_158' title='bbox 997 2275 1049 2309; x_wconf 94' lang='lat' dir='ltr'>non</span> <span class='ocrx_word' id='word_1_159' title='bbox 1070 2257 1153 2312; x_wconf 89' lang='lat' dir='ltr'>levem</span> <span class='ocrx_word' id='word_1_160' title='bbox 1178 2258 1371 2323; x_wconf 83' lang='lat' dir='ltr'>difficultatem,</span> 
     </span>
     <span class='ocr_line' id='line_1_21' title="bbox 402 2337 1371 2412; baseline 0.002 -18"><span class='ocrx_word' id='word_1_161' title='bbox 402 2359 479 2412; x_wconf 89' lang='lat' dir='ltr'>quam</span> <span class='ocrx_word' id='word_1_162' title='bbox 496 2343 575 2396; x_wconf 82' lang='lat' dir='ltr'>etiem</span> <span class='ocrx_word' id='word_1_163' title='bbox 591 2343 672 2396; x_wconf 87' lang='lat' dir='ltr'>Cour.</span> <span class='ocrx_word' id='word_1_164' title='bbox 688 2339 770 2395; x_wconf 86' lang='lat' dir='ltr'>sensit</span> <span class='ocrx_word' id='word_1_165' title='bbox 785 2359 866 2412; x_wconf 89' lang='lat' dir='ltr'>quum</span> <span class='ocrx_word' id='word_1_166' title='bbox 883 2341 987 2398; x_wconf 83' lang='lat' dir='ltr'>ederet:</span> <span class='ocrx_word' id='word_1_167' title='bbox 1012 2338 1098 2400; x_wconf 77' lang='grc' dir='ltr'>οὕτως</span> <span class='ocrx_word' id='word_1_168' title='bbox 1121 2337 1199 2396; x_wconf 76' lang='grc' dir='ltr'>αὐτοὶ</span> <span class='ocrx_word' id='word_1_169' title='bbox 1225 2339 1371 2396; x_wconf 72' lang='grc' dir='ltr'>κάνταῦθα</span> 
     </span>
     <span class='ocr_line' id='line_1_22' title="bbox 402 2417 1370 2498; baseline 0.003 -19"><span class='ocrx_word' id='word_1_170' title='bbox 402 2423 593 2496; x_wconf 76' lang='grc' dir='ltr'>σονεγήριοαν</span> <span class='ocrx_word' id='word_1_171' title='bbox 603 2425 651 2480; x_wconf 77' lang='grc' dir='ltr'>καὶ</span> <span class='ocrx_word' id='word_1_172' title='bbox 663 2421 693 2479; x_wconf 87' lang='grc' dir='ltr'>τὸ</span> <span class='ocrx_word' id='word_1_173' title='bbox 705 2417 808 2498; x_wconf 64' lang='grc' dir='ltr'>ἄντρον</span> <span class='ocrx_word' id='word_1_174' title='bbox 819 2443 845 2480; x_wconf 81' lang='grc' dir='ltr'>κ.</span> <span class='ocrx_word' id='word_1_175' title='bbox 855 2444 877 2479; x_wconf 86' lang='grc' dir='ltr'>τ.</span> <span class='ocrx_word' id='word_1_176' title='bbox 890 2423 912 2480; x_wconf 78' lang='grc' dir='ltr'>ἕ.</span> <span class='ocrx_word' id='word_1_177' title='bbox 953 2424 1040 2488; x_wconf 76' lang='lat' dir='ltr'>Quam</span> <span class='ocrx_word' id='word_1_178' title='bbox 1057 2443 1107 2496; x_wconf 80' lang='lat' dir='ltr'>ego</span> <span class='ocrx_word' id='word_1_179' title='bbox 1126 2425 1301 2480; x_wconf 84' lang='lat' dir='ltr'>coniecturam</span> <span class='ocrx_word' id='word_1_180' title='bbox 1319 2446 1370 2481; x_wconf 90' lang='lat' dir='ltr'>uon</span> 
     </span>
     <span class='ocr_line' id='line_1_23' title="bbox 400 2507 1368 2584; baseline 0.002 -20"><span class='ocrx_word' id='word_1_181' title='bbox 400 2511 438 2564; x_wconf 85' lang='lat' dir='ltr'>itu</span> <span class='ocrx_word' id='word_1_182' title='bbox 454 2513 566 2582; x_wconf 86' lang='lat' dir='ltr'>prebere</span> <span class='ocrx_word' id='word_1_183' title='bbox 583 2528 669 2582; x_wconf 91' lang='lat' dir='ltr'>queo,</span> <span class='ocrx_word' id='word_1_184' title='bbox 702 2509 915 2579; x_wconf 83' lang='lat' dir='ltr'>quemadmodum</span> <span class='ocrx_word' id='word_1_185' title='bbox 932 2507 1056 2579; x_wconf 81' lang='lat' dir='ltr'>probavit</span> <span class='ocrx_word' id='word_1_186' title='bbox 1072 2509 1184 2576; x_wconf 70' lang='lat' dir='ltr'>Iocobs,</span> <span class='ocrx_word' id='word_1_187' title='bbox 1202 2509 1300 2581; x_wconf 87' lang='lat' dir='ltr'>quippe</span> <span class='ocrx_word' id='word_1_188' title='bbox 1324 2513 1368 2584; x_wconf 90' lang='lat' dir='ltr'>qui</span> 
     </span>
     <span class='ocr_line' id='line_1_24' title="bbox 400 2592 1368 2666; baseline 0.002 -17"><span class='ocrx_word' id='word_1_189' title='bbox 400 2612 456 2648; x_wconf 88' lang='lat' dir='ltr'>eam</span> <span class='ocrx_word' id='word_1_190' title='bbox 485 2594 595 2665; x_wconf 85' lang='lat' dir='ltr'>quadem</span> <span class='ocrx_word' id='word_1_191' title='bbox 618 2613 651 2648; x_wconf 85' lang='lat' dir='ltr'>ex</span> <span class='ocrx_word' id='word_1_192' title='bbox 673 2599 749 2665; x_wconf 90' lang='lat' dir='ltr'>parte</span> <span class='ocrx_word' id='word_1_193' title='bbox 771 2593 798 2646; x_wconf 91' lang='lat' dir='ltr'>in</span> <span class='ocrx_word' id='word_1_194' title='bbox 821 2592 948 2646; x_wconf 80' lang='lat' dir='ltr'>vertendo</span> <span class='ocrx_word' id='word_1_195' title='bbox 973 2593 1138 2662; x_wconf 75' lang='lat' dir='ltr'>expresserit.</span> <span class='ocrx_word' id='word_1_196' title='bbox 1180 2594 1368 2666; x_wconf 76' lang='lat' dir='ltr'>Praeterquam</span> 
     </span>
     <span class='ocr_line' id='line_1_25' title="bbox 401 2675 1443 2755; baseline 0.002 -23"><span class='ocrx_word' id='word_1_197' title='bbox 401 2679 468 2732; x_wconf 89' lang='lat' dir='ltr'>enim</span> <span class='ocrx_word' id='word_1_198' title='bbox 489 2680 560 2750; x_wconf 88' lang='lat' dir='ltr'>quod</span> <span class='ocrx_word' id='word_1_199' title='bbox 583 2696 614 2732; x_wconf 86' lang='lat' dir='ltr'>eu</span> <span class='ocrx_word' id='word_1_200' title='bbox 639 2675 778 2731; x_wconf 86' lang='lat' dir='ltr'>violentior</span> <span class='ocrx_word' id='word_1_201' title='bbox 801 2683 851 2740; x_wconf 87' lang='lat' dir='ltr'>est,</span> <span class='ocrx_word' id='word_1_202' title='bbox 875 2694 951 2746; x_wconf 87' lang='lat' dir='ltr'>quum</span> <span class='ocrx_word' id='word_1_203' title='bbox 968 2693 1036 2746; x_wconf 80' lang='lat' dir='ltr'>quae</span> <span class='ocrx_word' id='word_1_204' title='bbox 1059 2693 1112 2730; x_wconf 93' lang='lat' dir='ltr'>non</span> <span class='ocrx_word' id='word_1_205' title='bbox 1129 2677 1211 2730; x_wconf 86' lang='lat' dir='ltr'>dicem</span> <span class='ocrx_word' id='word_1_206' title='bbox 1228 2696 1277 2748; x_wconf 93' lang='lat' dir='ltr'>pro</span> <span class='ocrx_word' id='word_1_207' title='bbox 1295 2689 1368 2735; x_wconf 81' lang='lat' dir='ltr'>certe</span> <span class='ocrx_word' id='word_1_208' title='bbox 1442 2731 1443 2755; x_wconf 64' lang='lat' dir='ltr'><strong><em>J</em></strong></span> 
     </span>
     <span class='ocr_line' id='line_1_26' title="bbox 399 2761 1442 2834; baseline 0.002 -17"><span class='ocrx_word' id='word_1_209' title='bbox 399 2764 446 2817; x_wconf 87' lang='lat' dir='ltr'>sed</span> <span class='ocrx_word' id='word_1_210' title='bbox 466 2781 514 2832; x_wconf 92' lang='lat' dir='ltr'>pro</span> <span class='ocrx_word' id='word_1_211' title='bbox 532 2763 663 2816; x_wconf 78' lang='lat' dir='ltr'>verisimili</span> <span class='ocrx_word' id='word_1_212' title='bbox 680 2761 770 2816; x_wconf 86' lang='lat' dir='ltr'>heberi</span> <span class='ocrx_word' id='word_1_213' title='bbox 787 2761 870 2831; x_wconf 83' lang='lat' dir='ltr'>possit</span> <span class='ocrx_word' id='word_1_214' title='bbox 893 2761 1071 2828; x_wconf 85' lang='lat' dir='ltr'>correctione,</span> <span class='ocrx_word' id='word_1_215' title='bbox 1097 2761 1125 2814; x_wconf 88' lang='lat' dir='ltr'>id</span> <span class='ocrx_word' id='word_1_216' title='bbox 1147 2762 1225 2815; x_wconf 90' lang='lat' dir='ltr'>etiam</span> <span class='ocrx_word' id='word_1_217' title='bbox 1249 2769 1290 2816; x_wconf 86' lang='lat' dir='ltr'>est</span> <span class='ocrx_word' id='word_1_218' title='bbox 1313 2783 1365 2834; x_wconf 86' lang='lat' dir='ltr'>quo</span> <span class='ocrx_word' id='word_1_219' title='bbox 1441 2801 1442 2817; x_wconf 53' lang='grc' dir='ltr'>τ</span> 
     </span>
     <span class='ocr_line' id='line_1_27' title="bbox 399 2831 1441 2918; baseline 0.003 -19"><span class='ocrx_word' id='word_1_220' title='bbox 399 2865 454 2900; x_wconf 82' lang='lat' dir='ltr'>eom</span> <span class='ocrx_word' id='word_1_221' title='bbox 471 2847 555 2916; x_wconf 90' lang='lat' dir='ltr'>possis</span> <span class='ocrx_word' id='word_1_222' title='bbox 572 2847 733 2918; x_wconf 81' lang='lat' dir='ltr'>impugnare,</span> <span class='ocrx_word' id='word_1_223' title='bbox 751 2831 823 2916; x_wconf 82' lang='lat' dir='ltr'>quod</span> <span class='ocrx_word' id='word_1_224' title='bbox 840 2863 873 2897; x_wconf 93' lang='lat' dir='ltr'>ne</span> <span class='ocrx_word' id='word_1_225' title='bbox 889 2845 1020 2898; x_wconf 83' lang='lat' dir='ltr'>sententia</span> <span class='ocrx_word' id='word_1_226' title='bbox 1036 2845 1139 2914; x_wconf 88' lang='lat' dir='ltr'>quidem</span> <span class='ocrx_word' id='word_1_227' title='bbox 1158 2863 1234 2916; x_wconf 85' lang='lat' dir='ltr'>quam</span> <span class='ocrx_word' id='word_1_228' title='bbox 1246 2851 1366 2918; x_wconf 76' lang='lat' dir='ltr'>praebet,</span> <span class='ocrx_word' id='word_1_229' title='bbox 1440 2865 1441 2881; x_wconf 64' lang='lat'>¹</span> 
     </span>
     <span class='ocr_line' id='line_1_28' title="bbox 396 2923 1440 3005; baseline 0.007 -24"><span class='ocrx_word' id='word_1_230' title='bbox 396 2931 435 2981; x_wconf 79' lang='lat' dir='ltr'>itu</span> <span class='ocrx_word' id='word_1_231' title='bbox 453 2939 494 2982; x_wconf 88' lang='lat' dir='ltr'>est</span> <span class='ocrx_word' id='word_1_232' title='bbox 512 2940 675 3000; x_wconf 77' lang='lat' dir='ltr'>comparata,</span> <span class='ocrx_word' id='word_1_233' title='bbox 704 2935 734 2984; x_wconf 88' lang='lat' dir='ltr'>ut</span> <span class='ocrx_word' id='word_1_234' title='bbox 755 2929 814 2982; x_wconf 90' lang='lat' dir='ltr'>loco</span> <span class='ocrx_word' id='word_1_235' title='bbox 839 2928 984 2982; x_wconf 86' lang='lat' dir='ltr'>conveniat.</span> <span class='ocrx_word' id='word_1_236' title='bbox 1021 2928 1075 2991; x_wconf 74' lang='lat' dir='ltr'>Qui</span> <span class='ocrx_word' id='word_1_237' title='bbox 1098 2929 1165 2982; x_wconf 89' lang='lat' dir='ltr'>enim</span> <span class='ocrx_word' id='word_1_238' title='bbox 1185 2930 1237 2983; x_wconf 89' lang='lat' dir='ltr'>dici</span> <span class='ocrx_word' id='word_1_239' title='bbox 1265 2935 1366 3003; x_wconf 85' lang='lat' dir='ltr'>possint</span> <span class='ocrx_word' id='word_1_240' title='bbox 1438 2923 1440 3005; x_wconf 90' lang='lat' dir='ltr'><strong><em>J</em></strong></span> 
     </span>
     <span class='ocr_line' id='line_1_29' title="bbox 396 3011 1363 3086; baseline 0.007 -22"><span class='ocrx_word' id='word_1_241' title='bbox 396 3011 513 3080; x_wconf 82' lang='lat' dir='ltr'>Daphnis</span> <span class='ocrx_word' id='word_1_242' title='bbox 531 3021 558 3064; x_wconf 88' lang='lat' dir='ltr'>et</span> <span class='ocrx_word' id='word_1_243' title='bbox 574 3015 657 3066; x_wconf 86' lang='lat' dir='ltr'>Chloe</span> <span class='ocrx_word' id='word_1_244' title='bbox 682 3011 828 3067; x_wconf 70' lang='grc' dir='ltr'>κάνταῦθα</span> <span class='ocrx_word' id='word_1_245' title='bbox 855 3013 935 3080; x_wconf 86' lang='lat' dir='ltr'>(ruri)</span> <span class='ocrx_word' id='word_1_246' title='bbox 960 3013 1131 3084; x_wconf 76' lang='lat' dir='ltr'>ooyyqprioot</span> <span class='ocrx_word' id='word_1_247' title='bbox 1155 3031 1208 3067; x_wconf 93' lang='lat' dir='ltr'>non</span> <span class='ocrx_word' id='word_1_248' title='bbox 1231 3033 1363 3086; x_wconf 77' lang='lat' dir='ltr'>assequor.</span> 
     </span>
     <span class='ocr_line' id='line_1_30' title="bbox 397 3093 1364 3166; baseline 0.005 -19"><span class='ocrx_word' id='word_1_249' title='bbox 397 3093 428 3148; x_wconf 84' lang='lat' dir='ltr'>si</span> <span class='ocrx_word' id='word_1_250' title='bbox 447 3096 499 3148; x_wconf 84' lang='lat' dir='ltr'>tale</span> <span class='ocrx_word' id='word_1_251' title='bbox 516 3095 580 3166; x_wconf 91' lang='lat' dir='ltr'>quid</span> <span class='ocrx_word' id='word_1_252' title='bbox 597 3097 740 3166; x_wconf 81' lang='lat' dir='ltr'>exprimere</span> <span class='ocrx_word' id='word_1_253' title='bbox 756 3096 882 3149; x_wconf 83' lang='lat' dir='ltr'>voluisset</span> <span class='ocrx_word' id='word_1_254' title='bbox 899 3094 1020 3165; x_wconf 88' lang='lat' dir='ltr'>scriptor,</span> <span class='ocrx_word' id='word_1_255' title='bbox 1037 3097 1200 3166; x_wconf 80' lang='lat' dir='ltr'>scripsisset:</span> <span class='ocrx_word' id='word_1_256' title='bbox 1218 3094 1297 3159; x_wconf 75' lang='grc' dir='ltr'>οἴτως</span> <span class='ocrx_word' id='word_1_257' title='bbox 1314 3101 1364 3152; x_wconf 79' lang='grc' dir='ltr'>καὶ</span> 
     </span>
     <span class='ocr_line' id='line_1_31' title="bbox 397 3173 1365 3254; baseline 0.003 -20"><span class='ocrx_word' id='word_1_258' title='bbox 397 3175 588 3252; x_wconf 74' lang='grc' dir='ltr'>συνεγῆρασαν</span> <span class='ocrx_word' id='word_1_259' title='bbox 598 3178 720 3234; x_wconf 75' lang='grc' dir='ltr'>ἐνταῦθα</span> <span class='ocrx_word' id='word_1_260' title='bbox 737 3177 795 3232; x_wconf 78' lang='lat' dir='ltr'>vela</span> <span class='ocrx_word' id='word_1_261' title='bbox 814 3173 899 3237; x_wconf 73' lang='grc' dir='ltr'>οὗτος</span> <span class='ocrx_word' id='word_1_262' title='bbox 909 3177 1030 3234; x_wconf 69' lang='grc' dir='ltr'>ἐνταῦθα</span> <span class='ocrx_word' id='word_1_263' title='bbox 1042 3179 1089 3232; x_wconf 79' lang='grc' dir='ltr'>καὶ</span> <span class='ocrx_word' id='word_1_264' title='bbox 1100 3179 1302 3254; x_wconf 75' lang='grc' dir='ltr'>σοντγῆρασαν,</span> <span class='ocrx_word' id='word_1_265' title='bbox 1321 3187 1365 3238; x_wconf 81' lang='lat' dir='ltr'>vel</span> 
     </span>
     <span class='ocr_line' id='line_1_32' title="bbox 396 3260 1364 3334; baseline 0.009 -18"><span class='ocrx_word' id='word_1_266' title='bbox 396 3263 435 3316; x_wconf 86' lang='lat' dir='ltr'>sic</span> <span class='ocrx_word' id='word_1_267' title='bbox 457 3265 670 3319; x_wconf 81' lang='lat' dir='ltr'>conformasisset</span> <span class='ocrx_word' id='word_1_268' title='bbox 695 3260 875 3329; x_wconf 62' lang='lat' dir='ltr'>conuentum,</span> <span class='ocrx_word' id='word_1_269' title='bbox 900 3281 952 3334; x_wconf 91' lang='lat' dir='ltr'>quo</span> <span class='ocrx_word' id='word_1_270' title='bbox 971 3265 1054 3316; x_wconf 90' lang='lat' dir='ltr'>&#39;modo</span> <span class='ocrx_word' id='word_1_271' title='bbox 1073 3267 1244 3319; x_wconf 76' lang='lat' dir='ltr'>conformasit</span> <span class='ocrx_word' id='word_1_272' title='bbox 1261 3267 1364 3326; x_wconf 90' lang='lat' dir='ltr'>Iacobs.</span> 
     </span>
     <span class='ocr_line' id='line_1_33' title="bbox 395 3349 1364 3416; baseline 0.008 -16"><span class='ocrx_word' id='word_1_273' title='bbox 395 3353 514 3402; x_wconf 70' lang='lat' dir='ltr'>vertens:</span> <span class='ocrx_word' id='word_1_274' title='bbox 539 3355 572 3402; x_wconf 88' lang='lat' dir='ltr'>So</span> <span class='ocrx_word' id='word_1_275' title='bbox 584 3355 663 3404; x_wconf 78' lang='lat' dir='ltr'>lettere</span> <span class='ocrx_word' id='word_1_276' title='bbox 673 3353 709 3402; x_wconf 86' lang='lat' dir='ltr'>sie</span> <span class='ocrx_word' id='word_1_277' title='bbox 721 3351 786 3402; x_wconf 78' lang='lat' dir='ltr'>ducis</span> <span class='ocrx_word' id='word_1_278' title='bbox 798 3353 855 3401; x_wconf 86' lang='lat' dir='ltr'>dort</span> <span class='ocrx_word' id='word_1_279' title='bbox 866 3362 1011 3410; x_wconf 77' lang='lat' dir='ltr'>zusammen</span> <span class='ocrx_word' id='word_1_280' title='bbox 1028 3353 1067 3401; x_wconf 81' lang='lat' dir='ltr'>dis</span> <span class='ocrx_word' id='word_1_281' title='bbox 1078 3353 1107 3401; x_wconf 84' lang='lat' dir='ltr'>iu.</span> <span class='ocrx_word' id='word_1_282' title='bbox 1123 3349 1166 3402; x_wconf 80' lang='lat' dir='ltr'>ihr</span> <span class='ocrx_word' id='word_1_283' title='bbox 1181 3355 1307 3416; x_wconf 75' lang='lat' dir='ltr'>spnteotes</span> <span class='ocrx_word' id='word_1_284' title='bbox 1318 3360 1364 3407; x_wconf 81' lang='lat' dir='ltr'>At-</span> 
     </span>
     <span class='ocr_line' id='line_1_34' title="bbox 394 3432 1365 3506; baseline 0.007 -22"><span class='ocrx_word' id='word_1_285' title='bbox 394 3439 440 3496; x_wconf 83' lang='lat' dir='ltr'>ter,</span> <span class='ocrx_word' id='word_1_286' title='bbox 458 3432 484 3484; x_wconf 89' lang='lat' dir='ltr'>in</span> <span class='ocrx_word' id='word_1_287' title='bbox 501 3451 553 3502; x_wconf 83' lang='lat' dir='ltr'>que</span> <span class='ocrx_word' id='word_1_288' title='bbox 569 3433 698 3486; x_wconf 87' lang='lat' dir='ltr'>enunciati</span> <span class='ocrx_word' id='word_1_289' title='bbox 715 3435 918 3488; x_wconf 82' lang='lat' dir='ltr'>conforrnatione</span> <span class='ocrx_word' id='word_1_290' title='bbox 935 3432 1079 3488; x_wconf 67' lang='grc' dir='ltr'>κάνταῦθα</span> <span class='ocrx_word' id='word_1_291' title='bbox 1093 3439 1167 3486; x_wconf 87' lang='lat' dir='ltr'>reete</span> <span class='ocrx_word' id='word_1_292' title='bbox 1178 3441 1250 3488; x_wconf 78' lang='lat' dir='ltr'>stare</span> <span class='ocrx_word' id='word_1_293' title='bbox 1262 3438 1365 3506; x_wconf 87' lang='lat' dir='ltr'>potuis·</span> 
     </span>
     <span class='ocr_line' id='line_1_35' title="bbox 394 3515 1365 3588; baseline 0.008 -22"><span class='ocrx_word' id='word_1_294' title='bbox 394 3523 445 3566; x_wconf 86' lang='lat' dir='ltr'>set.</span> <span class='ocrx_word' id='word_1_295' title='bbox 478 3515 557 3568; x_wconf 82' lang='lat' dir='ltr'>Nullo</span> <span class='ocrx_word' id='word_1_296' title='bbox 576 3517 740 3571; x_wconf 89' lang='lat' dir='ltr'>correctione</span> <span class='ocrx_word' id='word_1_297' title='bbox 762 3536 827 3588; x_wconf 85' lang='lat' dir='ltr'>opus</span> <span class='ocrx_word' id='word_1_298' title='bbox 847 3523 897 3583; x_wconf 88' lang='lat' dir='ltr'>est,</span> <span class='ocrx_word' id='word_1_299' title='bbox 916 3518 939 3571; x_wconf 90' lang='lat' dir='ltr'>si</span> <span class='ocrx_word' id='word_1_300' title='bbox 961 3521 1105 3572; x_wconf 78' lang='lat' dir='ltr'>statuemus</span> <span class='ocrx_word' id='word_1_301' title='bbox 1122 3517 1241 3586; x_wconf 83' lang='lat' dir='ltr'>Longum</span> <span class='ocrx_word' id='word_1_302' title='bbox 1265 3521 1292 3573; x_wconf 86' lang='lat' dir='ltr'>in</span> <span class='ocrx_word' id='word_1_303' title='bbox 1317 3541 1365 3577; x_wconf 86' lang='lat' dir='ltr'>usn</span> 
     </span>
     <span class='ocr_line' id='line_1_36' title="bbox 393 3596 1365 3673; baseline 0.01 -22"><span class='ocrx_word' id='word_1_304' title='bbox 393 3597 467 3651; x_wconf 85' lang='lat' dir='ltr'>vocis</span> <span class='ocrx_word' id='word_1_305' title='bbox 485 3596 688 3671; x_wconf 77' lang='grc' dir='ltr'>ουγγηράσκτιν</span> <span class='ocrx_word' id='word_1_306' title='bbox 713 3602 825 3671; x_wconf 84' lang='lat' dir='ltr'>paullum</span> <span class='ocrx_word' id='word_1_307' title='bbox 847 3619 863 3654; x_wconf 92' lang='lat' dir='ltr'>a</span> <span class='ocrx_word' id='word_1_308' title='bbox 880 3604 1067 3658; x_wconf 87' lang='lat' dir='ltr'>consuetudine</span> <span class='ocrx_word' id='word_1_309' title='bbox 1083 3604 1185 3673; x_wconf 79' lang='lat' dir='ltr'>vulgari</span> <span class='ocrx_word' id='word_1_310' title='bbox 1211 3605 1365 3672; x_wconf 81' lang='lat' dir='ltr'>deflexisse,</span> 
     </span>
     <span class='ocr_line' id='line_1_37' title="bbox 393 3683 1364 3754; baseline 0.01 -20"><span class='ocrx_word' id='word_1_311' title='bbox 393 3698 447 3752; x_wconf 85' lang='lat' dir='ltr'>qua</span> <span class='ocrx_word' id='word_1_312' title='bbox 464 3687 505 3734; x_wconf 85' lang='lat' dir='ltr'>est</span> <span class='ocrx_word' id='word_1_313' title='bbox 522 3699 688 3738; x_wconf 80' lang='lat' dir='ltr'>consenescere</span> <span class='ocrx_word' id='word_1_314' title='bbox 706 3685 801 3737; x_wconf 90' lang='lat' dir='ltr'>etheo</span> <span class='ocrx_word' id='word_1_315' title='bbox 818 3685 966 3754; x_wconf 82' lang='lat' dir='ltr'>significare</span> <span class='ocrx_word' id='word_1_316' title='bbox 989 3687 1105 3742; x_wconf 82' lang='lat' dir='ltr'>voluisse</span> <span class='ocrx_word' id='word_1_317' title='bbox 1128 3695 1156 3742; x_wconf 90' lang='lat' dir='ltr'>et</span> <span class='ocrx_word' id='word_1_318' title='bbox 1176 3683 1290 3743; x_wconf 66' lang='grc' dir='ltr'>«τίσαιτο</span> <span class='ocrx_word' id='word_1_319' title='bbox 1308 3710 1364 3746; x_wconf 82' lang='lat' dir='ltr'>com</span> 
     </span>
     <span class='ocr_line' id='line_1_38' title="bbox 393 3768 1363 3844; baseline 0.01 -25"><span class='ocrx_word' id='word_1_320' title='bbox 393 3771 427 3820; x_wconf 82' lang='lat' dir='ltr'>iis</span> <span class='ocrx_word' id='word_1_321' title='bbox 440 3773 521 3820; x_wconf 86' lang='lat' dir='ltr'>octote</span> <span class='ocrx_word' id='word_1_322' title='bbox 536 3768 741 3834; x_wconf 71' lang='lat' dir='ltr'>proedtebontur.</span> <span class='ocrx_word' id='word_1_323' title='bbox 760 3769 844 3822; x_wconf 81' lang='grc' dir='ltr'>ταῦτα</span> <span class='ocrx_word' id='word_1_324' title='bbox 861 3770 894 3826; x_wconf 85' lang='lat' dir='ltr'>ad</span> <span class='ocrx_word' id='word_1_325' title='bbox 913 3773 1105 3844; x_wconf 71' lang='grc' dir='ltr'>Φιλοποίμενα</span> <span class='ocrx_word' id='word_1_326' title='bbox 1123 3769 1278 3844; x_wconf 49' lang='lat' dir='ltr'>empsim</span> <span class='ocrx_word' id='word_1_327' title='bbox 1294 3775 1363 3829; x_wconf 88' lang='lat' dir='ltr'>rela-</span> 
     </span>
    </p>
   </div>
   <div class='ocr_carea' id='block_1_5' title="bbox 0 0 1464 4730">
    <p class='ocr_par' dir='ltr' id='par_1_8' title="bbox 0 0 1464 4730">
     <span class='ocr_line' id='line_1_39' title="bbox 0 0 1464 4730; baseline 0 6"><span class='ocrx_word' id='word_1_328' title='bbox 0 0 1464 4730; x_wconf 95' lang='lat' dir='ltr'> </span> 
     </span>
    </p>
   </div>
  </div>
 </body>
</html>
