2988 4718
422 380 580 445 ΛΟΓΟΣ
608 383 848 454 ΤΕΤΑΡΤΟΣ
1074 389 1118 452 w

146 506 382 662 προσδραμών·
421 543 486 612 εἶτα
509 547 639 615 ὄπισθεν
660 562 831 702 παρασχεῖν
851 558 993 662 60106606
1024 550 1119 622 “οἶον,
1130 569 1179 618 109

146 661 182 701 σι
206 632 287 718 αῗγες
317 643 383 707 τοῖς
410 632 640 746 τράγοις.τοῦ
662 637 696 700 66
716 637 858 744 βραδέως
877 639 1048 745 νοήσαντος
1068 641 1119 746 666

147 720 301 804 λέγοντος,
324 714 384 792 ὡς
405 716 496 802 αἶγας
515 720 573 800 μέν
592 721 653 832 βορά
650 745 711 784 νειν
732 720 875 806 τράγους,
898 721 1010 830 καλόν
1042 722 1121 834 τρά-

147 829 232 913 »γον
251 804 285 868 66
313 801 400 867 οάπω
430 804 508 868 ποτέ
531 829 578 879 τις
608 801 667 868 εἶδε
698 809 758 886 βα
756 831 850 872 νοντα
879 805 1012 916 τράγρν,
1049 809 1121 874 0666

148 888 254 974 »κριὸν
280 887 349 951 ἀντὶ
377 893 441 952 τῶν
464 891 542 952 οῑῶν
574 887 675 996 κριόν,
711 891 784 956 οὐδὲ
818 890 1071 1002 άλεκτρυόνας’
1053 888 1121 958 αντὶ

80 1003 164 1052 1¹8
170 980 231 1040 τῶν
253 973 486 1082 (λάλεκτορίόων
507 971 734 1084 άλεκτρυόγας,
722 973 819 1052 οἶός
839 1002 872 1042 τε
893 971 932 1060 ήν
953 975 1122 1042 ὃΓνάθων

148 1056 317 1140 βιάζεσθαι
339 1057 397 1132 τιλς
398 1069 522 1164 χεῖρας
541 1059 748 1168 προσφέρων·
787 1059 803 1126 ὃ
827 1063 861 1125 66
880 1061 1088 1169 μεθόοντα”
1066 1087 1122 1125 αν-

148 1149 284 1252 θρωπον
312 1145 363 1206 καὶ
394 1139 514 1208 ἕστατο
543 1141 633 1224 μόλις
660 1143 886 1252 παρωσάμενος
902 1146 1049 1253 ἔσφηλεν
1081 1150 1123 1222 εἷς

148 1229 209 1310 τήν
243 1234 310 1312 γῆν,
347 1229 408 1304 καὶ,
447 1227 550 1334 6666>
587 1226 704 1304 σκάλαξ
736 1228 949 1316 άπαδραμάν,
986 1233 1123 1312 κείμενον

149 1315 319 1390 κατέλιπεν,
343 1310 514 1397 άνόρός’
479 1337 515 1376 ου
537 1313 649 1389 παιδὸς
632 1313 747 1424 πρὸς
750 1339 902 1422 χειραγωγ
885 1317 953 1398 γίαν
968 1314 1121 1398 δεόμενον.

150 1399 204 1462 καὶ
226 1397 324 1462 οὐκέτι
346 1399 504 1482 προσίετο
512 1396 601 1506 ὅλως,
623 1399 703 1462 άλλα
725 1398 835 1466 άλλοτε
857 1391 994 1485 6666
957 1426 1015 1476 τας
1035 1398 1123 1508 αἶγας

151 1483 254 1564 ἔνεμεν
281 1485 395 1588 ἐκεῖνον
420 1483 479 1562 μέν
508 1480 646 1589 φεάγων,
673 1481 784 1566 Χλόην
806 1486 839 1548 66
859 1491 992 1593 τηρῶν.
1011 1482 1121 1591 06666

150 1565 330 1636 Γνάθαιν’
320 1569 363 1630 ε’τι
394 1564 615 1680 περιειργάζετο
652 1569 850 1650 καταμαθὼν
882 1567 924 1644 ὡς
957 1569 994 1634 06
1024 1565 1123 1652 μόνον

151 1650 266 1730 καλός,
304 1650 383 1714 6666
415 1653 466 1714 καὶ
495 1649 624 1759 ἰσχυρός
653 1653 744 1716 ἔστιν.
781 1651 917 1763 ἐπετήρει
951 1655 985 1717 66
1016 1653 1123 1738 καιρόν

153 1738 356 1817 διαλεχθῆναι
376 1739 461 1846 περὶ
466 1735 564 1800 αὐτοῦ
585 1761 629 1823 τῳ
614 1735 786 1824 Αστάλῳ
808 1740 859 1800 καὶ
896 1735 998 1820 ἤλπιζε
1021 1737 1065 1801 66
1088 1761 1122 1800 ον

154 1820 252 1886 αὐτὸν
281 1821 354 1895 ἕξειν
378 1820 465 1902 παρά
501 1825 558 1886 τοῦ
588 1801 748 1887 νεανίσκου
767 1801 882 1886 πολλά
917 1824 967 1885 καὶ
1000 1825 1120 1906 μεγαλα

148 1907 336 1993 χαρίζεσθαι
358 1907 516 1981 θέλοντος.

217 1995 267 2054 13.
300 1988 378 2055 Τότε
407 1991 465 2072 μέν
493 1983 547 2054 οὖν
569 1990 626 2054 οὐκ
653 1985 821 2074 ηἰλυνήθη·
859 1984 987 2102 προσηει
1016 1987 1121 2100 γάρ
1106 2016 1122 2054 ο

152 2073 443 2184 Διονυσοφάνης
423 2101 490 2154 αμα
522 2081 559 2160 τῇ
591 2078 783 2161 Κλεαρόστη,
821 2078 872 2139 καὶ
908 2069 947 2158 ήν
982 2073 1125 2161 θόρυβος

89 2204 93 2211 -
150 2159 250 2236 πολὺς
270 2165 405 2242 κτηνῶν,
429 2101 568 2237 οθκετῶν,
590 2161 728 2271 ἀνδρῶν,
751 2167 913 2244 γυναικῶν.
954 2159 1057 2242 “666
1088 2161 1182 2230 66110

149 2251 245 2310 τοῦτο
277 2245 440 2308 συνέταττε
471 2242 562 2328 λόγον
591 2247 641 2307 καὶ
671 2245 829 2352 ἐρωτικὸν
844 2248 895 2307 καὶ
916 2243 1047 2329 μακρόν.
1085 2237 1124 2325 ἦν

151 2325 223 2394 66
209 2356 225 2394 ο
247 2326 491 2413 Διονυσοφάνης
510 2327 742 2410 μεσαιπόλιοςγ
743 2331 787 2392 ιέν
808 2325 879 2438 666,
900 2329 996 2412 μέγας
1015 2329 1052 2391 66
1073 2331 1124 2390 καὶ

150 2413 247 2490 καλὸς
268 2417 319 2476 καὶ
333 2416 510 2533 μειρακίρις
532 2411 726 2522 ἁμιλλᾶσθαι
749 2415 936 2519 ρλυναμενος,
969 2401 1051 2475 6666
1072 2415 1122 2475 καὶ

88 2497 342 2572 119πλοόσιος’
329 2522 361 2560 εν
396 2498 536 2603 “ὀλι’γοις
566 2499 616 2559 καὶ
628 2497 783 2606 χρηστὸς
815 2494 858 2570 ὥς
885 2497 985 2570 οὐδεὶς
1011 2496 1123 2602 ἕτερος

150 2574 245 2658 οὗτος
273 2580 377 2644 ἐλθών
406 2587 445 2664 τῇ
466 2580 574 2725 τγριότῃ
595 2581 652 2687 μέν
673 2577 775 2667 ήμέρα
795 2583 883 2654 θεοῖς
903 2579 1073 2658 έθυσεν,“
1056 2603 1124 2643 οσοι

149 2671 342 2780 πρρεστιξσιν
364 2663 484 2750 άγροικέ
483 2689 537 2742 ας,
558 2663 705 2747 Δήμητρι
728 2667 779 2726 καὶ
800 2662 947 2748 Διονύσῳ
969 2689 1019 2726 και
1010 2665 1126 2728 Πανὶ

151 2755 202 2816 καὶ
233 2745 389 2834 Νάμφαις
418 2751 468 2810 καὶ
498 2748 599 2812 κοινὸν
630 2755 706 2811 πᾶσι
736 2755 802 2822 τοῖς
831 2753 984 2856 παροῦσιν
1017 2747 1125 2831 ἔστησε

151 2841 310 2944 κρατῆρα,
351 2842 421 2908 ταῖς
453 2833 487 2896 66
521 2831 630 2908 άλλαις
651 2829 784 2942 ήμέραις
811 2832 969 2896 ἐπεσκόπει
998 2832 1038 2897 τά
1068 2839 1125 2897 τοῦ

152 2918 358 3002 Λάμωνος”
338 2941 422 3004 εργα.
446 2921 497 2980 καὶ
520 2915 602 3001 ὁρῶν
623 2942 663 2982 τα
651 2917 741 3000 μέν
762 2917 852 2980 πεόιά
873 2917 905 2980 ἐν
927 2915 1046 2997 αὔλακι,
1068 2918 1127 2994 τάς

155 3007 188 3070 66
210 3005 368 3088 ἀμπέλους
389 3003 422 3066 ἓν
442 2999 592 3084 κλήματι,
616 3001 671 3066 τὸν
693 3001 727 3066 66
738 2997 938 3150 παράρλασον
959 3003 991 3066 έν
1012 2999 1126 3078 κάλλει,

156 3095 236 3198 (περὶ
257 3090 318 3176 γάρ
339 3095 402 3152 τῶν
424 3087 533 3152 άνθιόν
550 3084 768 3170 Ἀστάλοςτην
783 3089 884 3164 αἰτίαν
899 3085 1125 3198 άνελάμρθανεν)

156 3174 246 3282 ήιλετο
268 3179 417 3260 περιττῶς
437 3175 487 3235 καὶ
509 3172 564 3237 τὸν
585 3170 736 3254 Λάμωνα
764 3169 864 3257 ἐπῄνει
887 3175 937 3234 καὶ
960 3169 1125 3282 ε’λεάθερον

157 3257 287 3366 ἀφήσειν
315 3257 521 3365 ἐπηγγέλλετο
559 3261 697 3365 κατῆλθε
728 3236 809 3337 μετά
830 3261 930 3320 ταῦτα
953 3257 1003 3318 καὶ
1026 3257 1068 3332 εἰς
1087 3254 1123 3319 τὸ

159 3343 296 3408 αλπόλιον
316 3339 374 3416 τάς
394 3365 426 3404 τε
449 3339 574 3452 αἶγας’
559 3339 716 3422 σινόμενος
737 3343 787 3402 καὶ
809 3339 866 3404 τὸν
886 3341 1030 3420 νέμοντα.

219 3432 271 3492 14.
303 3422 395 3507 Χλόη
424 3425 481 3506 μὲν
518 3419 573 3490 οὖν
608 3429 651 3501 εἷς
685 3450 742 3506 την
777 3423 901 3506 άλην
885 3426 1001 3529 ε’φυγεν
1033 3422 1125 3532 άχλον

159 3514 307 3616 τοσοῦτον
339 3511 521 3576 αἴδεσθεΐσα
556 3512 607 3574 καλ
642 3513 832 3595 φοβηθεῖσα,
881 3501 897 3572 6
934 3510 968 3572 δέ
1001 3505 1126 3595 Δάφνις

210 3707 381 3792 προδραμὼν
392 3730 438 3832 ριο
451 3708 641 3795 προσδραμὼν
652 3713 719 3765 V.-
728 3715 881 3782 παρασχεῖν
898 3711 985 3765 ἔιλειιο
1003 3713 1126 3764 τοιοῦτον

164 3781 398 3836 vfflsc-xa
426 3777 662 3834 ιαεοοάκέτιοιιι.
679 3781 712 3831 V.
