2988 4718
395 453 440 524 ⁰8
619 451 808 518 ΛΟΓΓΟΥ
830 450 1134 514 ΠΟΙΜΕΝΙΚΩΝ

396 617 543 698 Γνάθων,
567 619 667 706 (τουτί
688 603 747 706 γάρ
770 617 938 698 ἐκαλεῖτο),
964 616 1046 682 “τδν
1068 613 1201 699 πώγωνα
1224 613 1367 701 ξυρῶμε-
1378 637 1427 687 116
1489 631 1490 650 ’

395 731 450 781 νος
477 702 584 768 πάλαι.
629 702 645 770 ὃ
675 705 708 769 δὲ
729 700 858 783 Λάμων
889 701 956 782 ἅμα
985 707 1024 786 τῇ
1052 699 1213 787 Μορτάλῃ
1241 704 1291 766 καί
1320 709 1369 788 τῷ

395 788 534 875 Δάφνιδι
560 789 620 874 πρὸ
650 794 713 854 τῶν
747 789 853 852 ποδῶν
888 786 985 850 αὐτού
1021 785 1204 851 καταπεσών
1236 786 1368 850 ἱκέτευεν

303 933 306 939 .
395 878 540 982 οἰκτεῖραι
561 876 690 959 γέροντα
712 873 812 954 ἀτυχῆ
834 873 885 935 καί
907 868 1055 956 πατρώοις
1076 871 1169 957 ὃργής
1191 868 1367 957 ἐξαρπάσαι
1488 873 1490 898 ¹

393 959 448 1026 τὸν
470 960 560 1024 οοδίν
582 956 789 1041 ἀδικήσαντα·
822 956 889 1037 ἅμα
909 981 943 1020 τε
965 935 1050 1042 αύτῷ
1071 957 1230 1038 καταλέγει
1249 953 1364 1020 πάντα.

394 1045 531 1130 οίκτείρει
552 1044 609 1126 τήν
631 1043 747 1107 ἱκεσίαν
768 1039 784 1106 ὃ
803 1039 951 1117 Ἀστύλος
965 1043 1015 1106 καί
1030 1042 1078 1104 ἐπί
1100 1039 1154 1104 τὸν
1175 1038 1366 1126 παράδεισον

395 1127 499 1194 έλθῶν
526 1131 577 1192 καί
608 1128 664 1209 τὴν
694 1123 849 1192 ἀπώλειαν
874 1133 938 1194 τῶν
960 1126 1069 1192 άνθῶν
1091 1124 1166 1190 ῑδῶν
1188 1125 1284 1201 αὐτὸς
1304 1125 1366 1210 ἔφη

392 1209 645 1298 παραιτήσεσθαι
666 1210 721 1276 τόν
740 1211 859 1295 πατέρα
874 1213 925 1274 καί
940 1207 1161 1294 κατηγορήσειν
1175 1216 1238 1275 τῶν
1248 1212 1365 1288 ἵππων,

394 1294 437 1372 ὥς
457 1299 521 1362 έκεΐ
538 1297 679 1371 δεθέντες
700 1293 866 1381 ἐξύβρισαν
887 1298 938 1358 καί
960 1295 1078 1376 τδμέν
1099 1295 1301 1374 κατέκλασαν,
1324 1294 1366 1360 τά

394 1381 428 1446 δί
449 1377 676 1463 κατεπάτησαν,
698 1379 738 1444 τά
761 1382 795 1444 δέ
817 1378 979 1466 άνώρυξαν
993 1381 1149 1455 λυθέντες.
1172 1381 1220 1444 ἐπί
1241 1378 1367 1454 τούτοις

392 1463 525 1547 ηύχοντο
546 1467 604 1546 μέν
625 1464 711 1550 αὐτῷ
723 1462 827 1529 πάντα
840 1463 881 1530 τά
895 1464 1004 1548 ἀγαθά
1017 1463 1147 1546 Λάμων
1160 1467 1211 1530 καί
1226 1462 1367 1550 Μυρτά-

393 1553 451 1632 λη·
494 1547 619 1635 Δάφνις
649 1550 683 1614 δὲ
714 1551 801 1635 δῶρα
823 1547 1045 1634 προσεκόμισεν
1065 1551 1206 1636 ἐρίφους,
1238 1545 1363 1660 τυρούς,

393 1633 525 1719 ὄρνιθας
553 1637 604 1698 καὶ
625 1633 665 1699 τά
688 1632 797 1718 ἔκγονα
819 1633 936 1714 αἰτῶν,
968 1633 1085 1722 βότρυς
1110 1635 1158 1698 ἐπὶ
1185 1639 1363 1716 κλημάτων,

391 1724 478 1801 μῆλα
505 1721 553 1787 ἐπὶ
582 1717 717 1785 κλάδων.
753 1712 793 1801 ἦν
820 1719 852 1784 έν
879 1729 945 1796 τοῖς
973 1717 1086 1806 δώροις
1112 1721 1164 1782 καὶ
1185 1719 1365 1802 ἀνθοσμίας

335 1808 385 1855 108
397 1801 501 1880 “οἷνος
520 1805 671 1886 Λέσβιος,
693 1809 834 1886 ποθῆναι
854 1797 1020 1878 κάλλιστος
1041 1801 1134 1879 οίνος.

455 1925 507 1984 11.
538 1917 575 1985 Ὁ
604 1922 662 2001 μὲν
694 1920 733 2002 δή
759 1919 913 1996 Ἀστύλος
944 1921 1045 2006 ἐπῄνει
1074 1927 1176 1986 ταῦτα
1208 1923 1259 1985 καί
1294 1924 1365 2008 περὶ

390 2002 497 2089 θήραν
519 2001 577 2086 εἶχε
599 2009 743 2087 λαγωῶν,
774 2001 826 2068 οἷα
854 2003 1002 2080 πλούσιος
1029 2008 1187 2081 νεανίσκος
1214 2009 1264 2069 καὶ
1286 2032 1364 2092 τρο-
1399 2045 1406 2056 ·

391 2095 460 2171 φῶν
488 2087 536 2151 ἀεὶ
563 2090 614 2150 καὶ
645 2088 815 2173 ἀφιγμένος
843 2092 886 2164 εἲς
911 2089 967 2154 τὸν
996 2089 1090 2176 ἀγρὸν
1120 2093 1163 2165 είς
1190 2087 1365 2156 ἀπόλαυσιν

391 2171 478 2254 ξένης
497 2169 621 2255 ἡδονῆς.
645 2168 661 2235 ό
685 2174 719 2236 δὲ
741 2171 893 2250 Γνάθων,
924 2171 975 2238 οἶα
994 2173 1112 2255 μαθών
1138 2176 1275 2240 ίίίσθίειν
1304 2175 1360 2240 ίίν-
1373 2179 1424 2228 11⁷

389 2262 522 2342 θρωπος
551 2258 603 2318 καί
633 2257 728 2326 ,πίνειν
756 2259 799 2332 είς
824 2258 929 2339 μέθην
952 2262 1003 2322 καὶ
1030 2257 1185 2344 λαγνεύειν
1205 2259 1284 2342 μετά
1304 2261 1363 2344 τήν

389 2343 493 2446 μίθήν
522 2343 573 2404 καί
602 2341 692 2405 οὐδέν
720 2339 797 2405 άλλο
824 2340 869 2411 ῶν
896 2340 916 2424 ἢ
943 2342 1064 2426 γνάθος
1090 2347 1145 2409 καὶ
1170 2345 1290 2432 γαστὴρ
1312 2347 1363 2410 καί
1488 2359 1489 2362 ’

342 2459 374 2482 κ
390 2427 430 2490 τά
450 2425 517 2496 ,υπό
546 2427 697 2511 γαστέρα,
727 2425 763 2500 ού
795 2427 957 2510 παρέργως
989 2427 1047 2492 εἶδε
1079 2428 1134 2494 τόν
1163 2428 1292 2516 Δάφνιν
1323 2430 1362 2495 τό

390 2511 485 2598 δῶρα
500 2512 691 2592 νομίσαντα*
728 2510 882 2574 ἀλλὰκαὶ
904 2510 994 2596 φύσει
1014 2513 1225 2664 παιδεραστής
1246 2513 1290 2582 ῶν
1311 2517 1362 2580 καί

389 2593 504 2671 κάλλος
528 2591 596 2660 οἷον
623 2595 697 2660 οὐδὲ
728 2596 776 2662 ἐπί
808 2601 865 2678 τῆς
895 2595 1014 2672 πόλεως
1044 2595 1156 2684 εὑρών,
1208 2601 1361 2666 τιθέσθω

390 2681 499 2764 διέγνω
518 2687 563 2767 τῷ
584 2678 724 2765 Δάφνιδι
747 2682 799 2743 καί
818 2681 932 2747 πείσειν
959 2681 1036 2768 ᾤετο
1065 2682 1183 2790 ρφδίως
1204 2680 1249 2771 ῶς
1270 2681 1361 2750 αἰπύ·
1486 2697 1487 2737 ί

371 2770 455 2829 ’λον
502 2765 594 2848 γνοδς
625 2767 660 2835 δὲ
694 2772 795 2833 ταῦτα
829 2763 935 2852 θήρας
962 2768 1020 2847 μίν
1048 2789 1105 2832 ουκ
1134 2769 1286 2834 ἐκοινώνει
1317 2775 1361 2855 τῷ

384 2847 542 2932 Ἀστύλῳ,
579 2848 694 2913 κατιών
716 2851 750 2912 δέ
768 2851 824 2911 ίνα
843 2848 947 2931 ’ἔνεμεν
975 2848 1156 2938 ὅΔάφνις,
1193 2850 1276 2937 λόγω
1304 2855 1362 2941 μέν

388 2927 589 3019 τῶνάδγῶν,
626 2933 663 2996 τὸ
694 2933 728 2995 δὲ
755 2933 874 3015 ἀληθὲς
893 2934 1058 3048 Δάφνιδος
1087 2939 1199 3021 έγίνετο
1229 2917 1358 3022 θεατής.

387 3011 588 3096 μαλθάσσων
617 3016 653 3080 δὲ
682 3015 777 3080 αὐτὸν
798 3015 857 3093 τάς
877 3044 910 3086 τε
932 3043 1020 3104 αιγας
1041 3019 1141 3108 ἐπῄνει
1163 3025 1214 3086 καί
1236 3025 1361 3109 συρίσαι
1483 3067 1484 3080 1

386 3099 424 3164 τό
445 3097 604 3168 αίπολικδν
623 3099 755 3180 ἠξίωσε·
778 3104 829 3164 καὶ
851 3101 911 3187 ἔφη
932 3107 1050 3188 ταχέως
1071 3107 1237 3194 ἐλεύθερον
1249 3106 1361 3192 θήσειν

388 3184 424 3258 τὸ
445 3189 508 3247 πῶν
530 3179 711 3264 δυνάμενος.
756 3232 759 3238 .
1113 3213 1118 3220 ·

452 3305 501 3368 12.
534 3297 591 3378 (Ως
623 3303 657 3366 δὲ
690 3298 749 3375 εἶδε
780 3300 950 3390 χειροήθη,
999 3305 1119 3396 νύκτωρ
1155 3307 1293 3393 λοχήσας
1328 3311 1360 3373 ἐκ
1481 3301 1482 3304 “

386 3391 442 3469 τῆς
468 3391 568 3484 νομῆς
596 3384 765 3452 ἐλαύνοντα
793 3388 852 3465 τὰς
878 3387 968 3475 αίγας
997 3399 1123 3495 πρῶτον
1149 3395 1208 3474 μέν
1234 3396 1359 3479 ἐφίλησε
1480 3413 1481 3418 ’

436 3604 511 3672 μῆλα
527 3603 559 3656 δὲ
576 3605 610 3658 V.
628 3603 702 3672 μῆλά
719 3623 747 3659 τε
764 3609 794 3662 S.
813 3607 846 3659 C.

436 3694 477 3741 ll.
506 3687 554 3740 καὶ
570 3689 716 3757 λαγνεύειν
731 3687 801 3758 μετά
817 3686 867 3756 τήν
881 3694 974 3760 μέθην
990 3712 1039 3750 σαι.
1056 3695 1089 3748 V.
1114 3696 1141 3748 8.
1168 3723 1201 3738 -
1234 3698 1282 3750 καλ
1299 3653 1358 3750 {nte

387 3749 484 3816 κάλλος
501 3771 550 3808 om.
568 3755 601 3809 V.
625 3756 653 3809 8.

439 3845 479 3895 12
496 3833 553 3910 εἶχε
571 3857 620 3910 pro
635 3833 691 3894 εἶδε
709 3842 742 3896 V.
760 3841 789 3894 8.
