2988 4718
368 441 412 502 aa
628 435 758 498 LONGl
788 435 1074 498 PASTORALIUM

370 613 397 658 et
415 605 497 675 ipsam
514 621 625 676 capram.
664 603 996 676 commonstrantes,
1015 604 1086 672 quad
1102 604 1226 673 puerulos
1245 619 1338 673 caprae

368 695 506 760 parerent,
531 707 585 742 rem
605 694 689 742 totam
717 695 837 741 enarrata
872 687 1001 758 quomodo
1028 687 1175 756 expositum
1200 687 1337 753 invenerit,

368 775 496 844 quomodo
519 775 661 828 enutritum
681 773 792 840 viderit,
814 791 866 843 quo
891 778 970 842 pacto
986 771 1072 842 ipsum
1088 772 1211 825 deserere
1228 772 1339 824 moritu-

367 875 425 911 rum
442 859 584 912 erubuerit.
619 859 685 911 Dum
709 861 737 910 et
757 857 796 910 sic
819 867 927 926 quoque
945 856 1023 910 uxori
1039 856 1182 919 uideretur,
1201 871 1270 924 quae
1286 872 1339 908 uua

368 943 471 994 luerem
494 942 630 1012 exposita,
661 942 806 1005 occultant,
829 941 953 994 infantem
969 957 1044 994 suum
1060 945 1211 1008 nuncupant
1228 957 1338 1008 eumque

367 1043 462 1095 caprae
486 1026 603 1078 alendum
632 1025 804 1078 committunt.
850 1023 910 1086 Quo
940 1030 1027 1076 autem
1055 1029 1082 1074 et
1111 1039 1203 1076 nemen
1231 1021 1338 1076 halantis

366 1109 497 1180 pastorale
513 1110 657 1172 videretur,
677 1106 804 1177 Daphnim
821 1107 891 1160 illum
908 1107 1042 1160 nominare
1059 1113 1217 1160 statuerunt.

432 1195 482 1246 lv,
507 1192 615 1264 Iamque
631 1191 735 1244 biennio
753 1197 846 1244 exacte
864 1197 955 1260 pastor
967 1191 1077 1262 ,quidam
1096 1208 1129 1242 ex
1147 1189 1216 1258 agris
1233 1189 1336 1253 vicinis,

366 1277 409 1330 mni
433 1276 521 1344 Dryas
543 1281 601 1328 erat
622 1289 729 1337 nemas,
754 1285 983 1344 pascens'pecora
1004 1275 1086 1326 simile
1107 1274 1170 1343 quid
1188 1274 1290 1326 invenit
1308 1283 1337 1327 et

366 1360 441 1412 vidit.
474 1359 655 1428 Nympharum
684 1365 741 1410 erat
769 1365 871 1410 antrum
899 1375 989 1412 sexum
1018 1359 1126 1426 ingens,
1156 1360 1188 1410 ab
1210 1359 1336 1414 interiore

364 1443 468 1513 quidem
490 1449 566 1512 parte
584 1459 740 1506 concavum,
771 1443 804 1494 ab
822 1442 953 1494 exteriore
969 1442 1118 1494 rotundum.
1153 1442 1335 1512 Nympharum

364 1530 477 1599 ipsarum
499 1527 634 1582 simulacra
660 1527 789 1598 lapidibus
816 1527 906 1582 efficta
923 1533 1013 1590 erant,
1032 1527 1143 1596 pedibus
1162 1527 1335 1592 discalceatis,

363 1613 478 1666 brachiis
501 1613 534 1664 ad
559 1613 678 1664 humeros
704 1628 787 1682 usqne
809 1611 901 1676 nudis,
931 1601 1007 1663 coma*
1026 1611 1129 1663 cervice
1147 1617 1223 1664 tenus
1239 1612 1332 1674 soluta,

364 1703 440 1765 veste
462 1695 531 1748 circa
553 1696 653 1748 lumbos
677 1693 825 1758 succincta,
852 1695 1001 1748 semihiulco
1026 1693 1096 1746 circa
1118 1693 1252 1764 supercilia
1267 1691 1333 1748 ¹risu.

363 1781 436 1834 Tota
452 1781 518 1834 haec
533 1781 621 1850 figura
637 1779 784 1844 saltantium
803 1780 922 1832 choream
938 1781 1161 1850 repraesentabat.
1196 1778 1271 1842 Antri
1288 1796 1336 1832 ora

364 1865 450 1934 magni
467 1865 524 1918 saxi
542 1872 599 1916 erat
613 1865 698 1916 media
714 1880 783 1933 pars.
824 1863 848 1916 E
866 1865 940 1915 fonte
951 1869 1042 1932 autem
1061 1880 1128 1932 aqua
1145 1863 1290 1916 scaturiens
1308 1863 1337 1916 in

363 1950 463 2016 largum
489 1947 674 2000 effundebatur
696 1945 793 2010 rivum3
815 1945 854 1998 ita
878 1953 909 1998 ut
926 1947 1131 2000 amoenissimum
1148 1948 1335 2018 extenderetur

328 2023 332 2036 ’
364 2039 426 2084 ante
442 2032 589 2102 speluncam
604 2037 716 2100 pratum,
735 2029 808 2082 cuius
827 2031 959 2102 cupiosum
978 2037 1006 2084 et
1021 2031 1097 2084 molle
1109 2049 1215 2100 gramen
1226 2033 1336 2102 perenni

363 2115 481 2172 salientis
502 2115 552 2168 rivi
576 2115 682 2166 humore
706 2115 831 2166 alebatur.
866 2115 997 2168 Mulctrae
1023 2122 1051 2168 et
1068 2116 1148 2168 tibiae
1168 2113 1289 2186 obliquae
1307 2123 1335 2169 et

319 2205 322 2214 ‘
363 2201 468 2253 listulas
486 2204 513 2252 et
532 2199 638 2264 calami,
660 2199 790 2253 seniorum
812 2205 945 2268 pastorum
963 2201 1069 2253 donaria
1086 2217 1212 2271 suspensa
1230 2199 1335 2272 conspi-

363 2283 508 2338 ciebantur.

429 2383 464 2436 V.
490 2384 533 2438 Ad
556 2384 607 2438 hoc
631 2383 810 2454 Nympharum
834 2389 937 2438 antrum
961 2386 1053 2447 crebro
1078 2384 1147 2438 itans
1170 2367 1337 2458 ovisuuper

363 2469 439 2524 enisa
455 2485 534 2540 saepe
550 2469 590 2522 sui
606 2469 727 2522 unteritus
743 2469 914 2540 suspicionem
930 2469 1028 2523 iniecit.
1073 2469 1160 2538 Dryas
1179 2471 1259 2540 igitur
1275 2487 1334 2524 eam

362 2557 487 2608 coercere
510 2554 594 2608 etad
615 2553 753 2626 pristinum
778 2556 845 2608 bene
869 2561 896 2608 et
918 2554 1056 2622 tranquilla
1079 2555 1205 2624 pascendi
1228 2556 1333 2610 modum

360 2639 488 2694 reducere
506 2637 611 2710 cupiens
631 2637 761 2692 surculum
778 2638 898 2692 erimine
914 2638 985 2692 lento
1002 2639 1029 2690 in
1045 2639 1131 2708 laquei
1146 2640 1250 2694 modum
1268 2658 1333 2697 con-

361 2724 440 2778 torsit
463 2728 491 2778 et
513 2723 549 2776 ad
568 2726 670 2794 petram
691 2723 816 2785 accessit,
842 2728 964 2792 tanquam
987 2739 1063 2776 oyem
1089 2723 1331 2794 comprehensurus.

360 2808 473 2880 Propio'r
489 2825 552 2860 vero
570 2809 656 2860 factus
677 2807 740 2863 nihil
763 2807 864 2860 omnino
894 2824 984 2860 eoram
998 2807 1066 2860 sidit
1081 2825 1148 2876 quae
1163 2813 1332 2878 speraverat:

360 2909 453 2946 verum
474 2908 551 2942 ovem
573 2907 698 2959 perquam
722 2889 832 2942 humane
854 2891 887 2943 ad
908 2891 1008 2959 largum
1030 2909 1114 2962 usque
1135 2893 1210 2946 lactis
1226 2898 1332 2946 suctum

360 2991 425 3027 suae
440 2989 563 3026 mammae
582 2973 682 3042 copiam
698 2972 851 3040 facientem
869 2971 1023 3028 infantulum
1040 2981 1142 3042 autem,
1160 2979 1255 3048 absque
1274 2977 1331 3028 ullo

268 3089 273 3096 .
336 3082 339 3092 π
360 3057 453 3128 vagitu
476 3056 552 3108 avide
575 3056 652 3106 modo
679 3055 796 3108 adhunc
818 3058 895 3110 modo
912 3057 945 3111 ad
961 3057 1029 3110 illaru
1043 3059 1182 3114 lactentem
1198 3077 1332 3118 mammam

361 3159 391 3194 oe
407 3141 606 3212 transferentem
629 3156 740 3208 purum,
758 3141 880 3194 mundum
897 3147 976 3212 atque
992 3143 1117 3208 nitidum,
1143 3152 1236 3216 utpote
1255 3145 1330 3200 cuius

360 3225 481 3280 tenellam
503 3223 597 3276 faciem
620 3222 702 3274 amica
727 3222 865 3276 allmubens
891 3225 980 3294 lingua
1006 3227 1157 3296 detergeret
1182 3229 1254 3292 ovis,
1282 3229 1329 3282 ubi

360 3309 489 3380 alumnum
509 3309 585 3364 lactis
609 3308 723 3378 cepisset
746 3307 862 3364 satietas.
903 3309 992 3364 Infans
1011 3312 1076 3364 haee
1092 3313 1193 3382 femella
1209 3320 1282 3378 erat,
1301 3319 1329 3366 et

359 3393 421 3447 hudc
454 3409 565 3466 qunque.
590 3391 727 3464 appositae
752 3397 826 3447 erant
849 3395 989 3462 fasciolae,
1012 3397 1131 3468 exposita
1154 3405 1329 3464 monumenta,

360 3477 437 3550 mitra
458 3495 550 3548 nempe
573 3495 636 3530 auro
663 3478 800 3542 distincta,
824 3479 930 3532 calceoli
952 3480 1064 3536 inaurati
1100 3487 1129 3534 et
1160 3480 1330 3552 periscelides

360 3579 463 3618 aureae.

405 3664 474 3718 l'VL
501 3665 561 3718 Hoc
582 3663 664 3731 igitur
689 3662 823 3719 inventum
844 3663 968 3718 diuinitus
992 3663 1042 3718 sibi
1066 3665 1194 3735 obtigisse
1209 3671 1284 3722 ratus
1302 3677 1332 3722 et

359 3753 392 3805 ab
410 3767 460 3805 ava
475 3749 584 3804 edoctus
608 3746 717 3802 huiusce
737 3746 844 3802 hffent'u
866 3748 982 3804 mmereri
1007 3765 1115 3820 eamque
1132 3769 1219 3807 amore
1235 3741 1332 3822 prase-

359 3836 404 3904 qui
433 3841 506 3890 tarra
528 3832 657 3888 sublatam
677 3830 743 3886 ulnis
772 3831 887 3902 exeipit,
911 3837 1076 3890 monumenta
1101 3853 1165 3890 vero
1189 3835 1217 3890 iu
1238 3853 1334 3907 peram
