2988 4718
372 407 415 470 80
594 403 782 474 ΛΟΓΓΟΥ
809 403 1115 468 ΠΟΙΜΕΝΙΚΩΝ

435 575 488 636 36.
509 571 590 636 Ἐπεὶ
617 572 653 636 66
678 566 787 647 666³
767 597 806 654 ην
827 577 890 636 τῶν
912 571 977 636 κατ’
1001 570 1098 677 δηρὸν
1120 567 1237 677 ἓορτολν
1258 565 1346 642 λἰλοξε

372 657 451 738 βαιλί
450 657 555 733 ζιινλ
530 681 571 731 εις
591 655 649 740 τὴν
669 681 693 719 π
694 653 759 720 όλιν
780 659 830 720 καλ
852 653 925 732 τούς
946 681 980 720 τε
999 663 1057 735 τῆς
1077 652 1187 736 Χλόης
1206 653 1346 764 πατίρας

374 741 533 822 ἀναζητεῖν
563 743 613 804 καλ
620 743 709 850 περὶ
737 739 792 805 τόν
812 739 914 849 γάμον
941 741 1072 805 λλαύτολν
1089 739 1200 847 μηκέτι
1220 735 1347 846 ρλραιλύ-
1359 757 1417 808 139

373 849 446 890 νειν.
470 825 569 890 λ’ωθεν
597 818 652 890 σύν
674 823 932 932 ἕνσκευασάμενοι
960 832 1005 911 τῷ
1027 822 1168 932 ’Δρόαντι
1190 824 1249 926 μὲν
1269 821 1349 886 6666-

375 935 434 974 καν
466 909 564 986 άλλας
594 911 773 1018 τρισχιλίας,
807 917 851 996 τῷ
873 889 1013 991 Λάμωνι
1051 911 1085 974 66
1120 908 1176 990 τὴν
1206 904 1351 1018 ημίσειαν

374 1005 489 1102 μοῖραν
515 1002 579 1060 τῶν
608 995 711 1102 (ληρῶν
741 974 872 1103 θερίζλιν
893 999 944 1058 καί
966 1001 1083 1081 τρυγᾶν
1109 996 1159 1056 καλ
1180 991 1238 1102 τιλς
1260 989 1352 1074 αιγας

377 1077 444 1160 ἅμα
472 1090 538 1155 τοῖς
567 1077 706 1155 αἰπόλοις
733 1083 783 1142 καλ
807 1077 893 1162 ζεύγη
914 1085 1000 1189 βορλν
1021 1080 1154 1164 τέτταρα
1176 1078 1226 1140 καλ
1248 1077 1351 1157 ἐσθῆ-

319 1171 436 1238 1λ9τας
456 1163 627 1272 χειμερινὰς
647 1167 698 1226 καλ
707 1167 965 1276 Ηλλέλευθέραν
934 1165 991 1246 τὴν
1012 1174 1153 1248 γυναῖκα.
1196 1162 1247 1224 καλ
1267 1159 1350 1270 μεταλ

375 1255 469 1312 τοιλτο
503 1247 639 1330 ἤλαυνον
667 1249 716 1311 ἐπὶ
736 1253 884 1332 Μυτιλην
907 1275 924 1312 ν
949 1252 1056 1324 ἵπποις
1077 1250 1127 1312 καὶ
1151 1245 1273 1329 ζεύγεσι,
1297 1246 1350 1307 καλ

375 1338 479 1417 τρυφῆ
515 1337 624 1416 πολλῇ.
670 1329 739 1396 τότε
774 1335 830 1414 μὲν
868 1359 923 1398 ουν
952 1333 1078 1398 ἔλαθον
1111 1331 1185 1406 τούς
1219 1331 1351 1404 πολίτας

374 1417 486 1491 νυκτὸς
507 1413 723 1492 κατελθόντες·
759 1425 815 1500 τῆς
837 1420 912 1482 66
898 1417 1043 1502 ειιιούσης
1058 1416 1164 1526 όχλος
1184 1415 1268 1501 ἠθρο
1270 1416 1350 1494 ίσθη

375 1503 461 1608 περλ
464 1501 521 1578 τιλς
541 1499 653 1610 θύρας,
677 1495 821 1588 άνιλρολν,
837 1511 1000 1607 γυναικῶν.
1038 1503 1068 1567 ολ
1087 1503 1145 1583 μὲν
1165 1507 1210 1586 τῷ
1231 1502 1352 1564 Διονυ-

376 1582 506 1694 σρφάνει
528 1585 710 1692 συνήιλοντο
721 1585 872 1650 παΐιλα
843 1587 978 1698 εορόντι,
1003 1591 1053 1652 καλ
1075 1581 1231 1668 μᾶλλον
1217 1592 1352 1670 ορυλντες

374 1671 411 1736 τὸ
439 1669 553 1779 κάλλρς
579 1679 636 1736 τού
657 1669 836 1780 Δάφνιιλος·
874 1673 907 1736 αλ
937 1675 970 1738 66
997 1680 1036 1758 τῇ
1059 1671 1237 1778 Κλεαρίστῃ
1259 1668 1351 1733 συνί-

372 1781 485 1841 χαιρον
515 1755 582 1836 ἅμα
607 1755 776 1868 κομιζούση
810 1757 861 1820 καλ
891 1760 990 1822 παλιλα
1026 1759 1077 1820 καλ
1112 1754 1247 1839 νύμφην
1285 1753 1350 1828 ἐξέ-

375 1845 494 1921 πλησσε
515 1840 576 1926 ηιιλρ
597 1842 738 1916 κάκείνας
758 1839 777 1923 5
800 1839 906 1948 Χλόη,
937 1840 1051 1918 κάλλος
1072 1842 1245 1950 ἐκφέρουσα
1265 1861 1350 1942 παρ-

376 1925 621 2032 ευιλοκιμηθῆναι
663 1925 698 1988 ου’
737 1924 918 2006 δυνάμενον.
968 1926 1026 2009 όλη
1071 1926 1130 2011 γὰρ
1167 1917 1347 1987 ἐκινεῖτο
1323 1947 1348 2028 η

376 2005 464 2082 πόλις
491 2008 539 2070 ἐπὶ
569 2015 614 2093 τῷ
642 2011 790 2118 μειρακίω
822 2013 873 2073 καλ
901 2037 919 2076 τ
924 2011 1109 2120 παρθένρι
1131 2013 1183 2074 καλ
1203 2004 1349 2116 ελιλαιμό-

375 2092 458 2168 νιζον
483 2091 540 2170 μὲν
569 2071 630 2174 565
658 2093 714 2156 τόν
740 2073 859 2199 ρόμον
895 2095 1027 2178 ηύχοντο
1060 2096 1093 2160 66
1125 2097 1176 2158 καλ
1204 2093 1240 2158 τό
1263 2092 1350 2175 γένος

377 2173 463 2250 άξιον
491 2181 547 2258 τῆς
572 2184 700 2286 μορφῆς
721 2183 885 2264 ευρεθῆναι
912 2187 969 2262 τῆς
989 2179 1100 2266 κόρης
1138 2181 1189 2244 καλ
1210 2186 1350 2286 γυναῖκες

375 2261 489 2323 πολλοὶ
516 2266 581 2324 τῶν
606 2263 685 2345 μέγα
710 2265 920 2327 πλουσίων’
891 2263 1062 2373 ηράραντο
1101 2269 1217 2338 λλθεοις
1248 2260 1347 2336 αυτας
1360 2284 1411 2334 146

376 2349 588 2426 πιστευθῆναι
602 2348 740 2434 μητέρας
759 2348 972 2434 θυγατρός“
942 2349 1023 2414 ούτω
1046 2353 1151 2432 καλῆς.

440 2499 492 2560 34.
519 2495 640 2606 ’Ὀναρ
648 2497 681 2560 66
702 2495 932 2581 Διονυσοφάνει
953 2497 1035 2580 μετολ
1058 2497 1211 2584 φροντίδα
1231 2495 1349 2600 πολλὴν

377 2583 420 2656 εἰς
448 2580 603 2688 βαθιλν“’
584 2607 681 2644 υπνον
708 2585 921 2664 κατενεχθέντι
951 2582 1071 2647 τοιόνιλε
1092 2585 1221 2665 φ.ίνεται
1250 2577 1348 2644 ἒόύκει

376 2665 434 2742 τολς
454 2662 619 2774 Νύμφας
624 2667 748 2730 ιλεΐσθαι
776 2673 832 2730 τοῦ
842 2667 1050 2778 Ἔρωτος,ε
1052 2607 1123 2749 665
1145 2689 1220 2774 πρτε
1242 2665 1350 2739 αύτοΐς

379 2757 565 2816 κατανεῦσαι
587 2750 641 2814 τόν
662 2748 715 2834 γάρ
717 2777 779 2815 ιον·
817 2751 872 2861 τιλν
895 2753 929 2816 66
951 2747 1123 2816 ἐκλύσαντα
1144 2750 1180 2815 τὸ
1203 2746 1350 2834 τοξόριον

319 2862 369 2910 160
380 2837 430 2897 καλ
467 2835 663 2914 ἀποθέμενον
676 2835 784 2942 παρὰ
819 2837 876 2918 τὴν
910 2838 1069 2982 φαρέτραν
1105 2840 1270 2898 λλκελειλσαι
1303 2839 1350 2918 τῷ
1377 2885 1387 2900 .

379 2916 618 3023 Διονυσοφάνει,
641 2917 763 2994 πάντας
782 2920 856 2995 τούς
872 2920 917 3029 Ιιλρ
919 2923 1024 2996 ίστους
1044 2920 1270 3002 Μυτιληναίων
1290 2897 1350 2982 66-

263 3057 266 3068 .
376 3026 469 3106 μενον
481 3025 653 3103 συμποτας,
641 3001 816 3111 ηνίκα
788 3003 827 3066 ιλν
847 3005 902 3070 τὸν
923 3003 1059 3070 ιλστατον
1073 3003 1176 3115 πληση
1197 3009 1348 3112 κρατῆρα,

377 3083 448 3150 τότε
470 3080 651 3148 δεικνύειν
637 3109 757 3173 εκαστρν
779 3088 820 3151 τιλ
814 3093 1057 3194 γνωρίσματα
1092 3117 1127 3154 το
1116 3069 1185 3196 66
1205 3089 1351 3150 ἐντεῦθεν

378 3169 463 3234 ἄιλειν
489 3169 544 3234 τόν
568 3150 748 3251 ιλμέναιον.
770 3178 870 3236 ταῢτα
900 3176 975 3239 ἷιλαλν
1002 3178 1054 3241 καλ
1086 3170 1223 3248 ιλκούσας
1250 3169 1351 3237 λλωθεν

379 3235 541 3320 ιλνίοταται
572 3257 623 3318 καλ
638 3251 795 3334 κελεύσας
823 3259 1006 3347 λαμπριλν
992 3262 1127 3326 εστίασιν
1148 3277 1350 3344 παρασκευα-

430 3493 471 3542 33.
488 3485 557 3545 κατὰ
573 3485 667 3560 ιλγρολν
677 3491 713 3544 V
727 3487 796 3572 αρτιλ
791 3488 897 3573 ἀγρὸν
912 3493 942 3544 6.
946 3519 988 3536 -
973 3493 1069 3613 περὶ
1085 3493 1141 3545 ιολν
1156 3449 1264 3564 γάμων
1260 3493 1310 3546 V.
1317 3512 1352 3534 -ι

380 3525 522 3622 Μιτυλήνη
539 3557 573 3636 V.
591 3560 620 3610 S.
641 3559 678 3619 C.
690 3565 717 3610 et
735 3559 773 3611 sic
790 3556 898 3680 λαιφιὲ
910 3589 945 3602 -
973 3559 1100 3628 ἐξέπληξε
1125 3577 1174 3630 pro
1199 3559 1352 3627 ἐξέπλησσε

379 3624 413 3675 V
432 3623 506 3674 S.—
473 3619 607 3682 -αιλιιλς
624 3639 719 3677 πιστευ
721 3627 841 3691 θῆναι8

431 3727 472 3778 34.
490 3715 545 3790 565
563 3721 631 3776 ποτὲ
650 3720 789 3781 αὐτοῖςῦ.
807 3725 831 3776 ελ
847 3722 882 3788 65
900 3741 967 3779 ποτε
983 3722 1075 3784 αὐτοῖς
1092 3721 1352 3782 26166866668-

381 3794 521 3866 φαρέτρην
536 3790 572 3842 λλ.
593 3819 626 3830 -
642 3787 773 3859 ἀρίστους
788 3795 844 3846 τῶν
860 3794 1055 3860 Μιτυληναίων
1072 3795 1105 3846 V.
1135 3796 1164 3846 S.
