2988 4718
379 393 382 400 ,
433 368 617 436 κουοε
640 369 853 438 πιστοτ-
1106 333 1129 444 ο

153 545 257 608 τούτο
272 537 465 622 πονουμίνη
474 541 568 604 τάν
564 560 631 621 ποηι
633 540 717 604 ινίων
714 536 949 652 ἠμέλησεν,
934 543 1008 610 οδέ
1029 541 1127 652 2666-

153 650 237 710 μους
263 625 399 706 ἐκτεμὼν
428 623 558 700 λεπτούς
585 625 637 688 καὶ
662 621 785 710 τρήσας
811 626 869 703 τάς
898 633 961 692 τῶν
988 625 1128 712 γονάτων

155 701 294 819 διαφυὰς
313 650 486 858 άλλήλουςέ
481 733 514 772 τε
529 733 615 796 κηρηι
599 713 815 856 μαλθακῷ(
816 708 1022 820 ’συναρτήσας
1037 710 1127 822 μέχρι
1140 733 1172 781 lo

156 794 269 871 νυκτός
306 795 452 902 συρίζειν
471 773 642 876 ἐμελέτησε.
683 795 738 856 καί
770 820 844 859 ποτε
880 797 964 862 δὲ
949 795 1129 866 ικοινάνουν

157 879 313 987 γάλακτος
335 880 386 942 κοιλ
415 877 500 942 οἷ’νου
528 880 579 942 καὶ
605 877 763 988 τροφάς,
778 877 840 956 ἃς
837 879 1019 945 06666
1000 883 1129 969 ε’φερον,

161 969 205 1041 εἷς
235 963 336 1030 κοινόν
345 961 496 1074 ἔφερον.
533 961 699 1026 ἐλάττον’
684 961 724 1026 άν
758 989 805 1039 τις
832 959 907 1036 εἶδε
925 965 965 1030 τά
984 968 1129 1048 ποίμνια

160 1051 211 1116 καλ
237 1047 295 1124 τὰς
323 1045 413 1132 αἶγας
444 1046 496 1110 ἀπ’
529 1044 671 1130 ἀλλήλων
699 1023 992 1135 μεμερισμένας,’
972 1077 992 1134 η
1020 994 1131 1134 Χλιόην
1166 1106 1168 1118 .

159 1136 210 1200 καλ
226 1131 363 1220 Δάφνιν.
881 1179 908 1216 s.

224 1223 276 1283 ll.
304 1222 444 1282 Τοιαῦτα
466 1217 500 1282 δι’
522 1216 626 1282 αὐτῶν
645 1203 818 1301 παιζόντων
846 1215 968 1326 τοιάνδε
991 1219 1132 1303 σπουδὴν

153 1303 254 1390 Ἔρως
275 1301 437 1366 άνέπλασε.
473 1299 602 1366 λύκαινα
603 1301 782 1410 τρέφουσα
804 1299 961 1385 σκύμνους
986 1305 1132 1380 νίαυςκ
1099 1305 1132 1370 ἐκ

159 1396 224 1454 τῶν
244 1387 416 1470 πλησίον’
397 1391 531 1496 αγρῶν
530 1387 563 1462 ἐξ
598 1385 701 1452 ἄλλων
717 1388 873 1495 ποιμνίων
895 1387 996 1453 πολλά
1016 1387 1133 1476 ἥρπαζε

160 1477 278 1554 πολλῆς
292 1478 449 1581 τροφῆς
451 1471 531 1546 ἐς
509 1470 693 1579 ανατροφὴν
722 1478 785 1541 τῶν
816 1469 961 1581 σάύμνφν
992 1474 1130 1555 δεομίνη.

116 1553 369 1632 13συνελδόντες
390 1547 469 1620 “066
489 1581 517 1620 οι
540 1563 680 1664 κωμῆται
701 1553 822 1664 νύκτωρ
844 1557 964 1666 σιροός
970 1557 1135 1668 ὀρύττουσι
1212 1575 1218 1582 ‘

161 1643 198 1751 66
219 1636 311 1751 εόρος
322 1641 465 1727 ὀργυιάς,
487 1641 524 1706 τὸ
545 1637 653 1722 βάθος
673 1637 838 1748 τεττάρων
859 1667 896 1708 το
910 1643 968 1722 μὲνΙ
982 1643 1020 1724 66
1040 1649 1134 1750 χιύμιρ

163 1727 201 1792 τό
229 1726 308 1790 πολὺ
337 1727 509 1830 σπείρουσι
520 1727 704 1833 κομίσαντες
728 1722 886 1834 μακράν,
902 1723 979 1802 ξύλα
1000 1727 1034 1791 δὲ
1029 1727 1136 1835 ’ξηρά

163 1811 273 1919 μακρά
299 1807 490 1886 τείνοντες(
472 1811 550 1896 υπέρ
577 1815 635 1876 τού
659 1807 847 1917 χάσματος
852 1809 889 1876 τό
917 1810 1070 1919 περιττόν
1079 1816 1136 1880 τοῦ

160 1888 323 2003 χιόματος
330 1896 530 1976 κατίπασαν,
560 1901 617 1978 τῆς
637 1893 788 2004 πρότερον
809 1900 922 2004 γῆ
827 1919 865 1976 ης
886 1892 1005 1960 εἰκόνα·
1023 1893 1134 2003 6616,

164 1979 223 2044 κάν
243 1978 344 2088 λαγιός
365 1977 539 2088 ἐπιδράμῃ,
562 1935 702 2068 κάτακλᾷ
723 1978 763 2044 τά
785 1981 862 2054 ξυλα
880 1977 1043 2088 κάρφων
1036 1979 1136 2046 6666-

164 2064 331 2174 νίστερα”
313 2090 400 2142 οντα,
420 2067 471 2128 καλ
493 2063 563 2132 τότε
584 2044 707 2150 παρέχόι
728 2064 896 2144 μαθεῖν,’
878 2090 926 2128 οτι
947 2071 986 2148 γῆ
1008 2065 1064 2134 οὐκ
1085 2057 1132 2148 ἦν,

164 2149 247 2258 6766
266 2175 327 2258 μεμ
331 2152 422 2232 ίμητο
444 2155 511 2233 γῆν.
534 2154 664 2214 τοιαῦτα
685 2147 823 2212 πολλά’
785 2145 970 2259 ορύγμστα
991 2149 1050 2214 κάν
1070 2159 1137 2226 τοῖς

164 2234 249 2342 ὀρεσι
270 2235 328 2298 κάν
349 2244 416 2310 τοῖς
436 2235 552 2309 πεδίοις
572 2231 737 2342 ὀρύξαντες
757 2232 847 2315 τηνρ
834 2235 892 2314 μιν
913 2229 1060 2308 λύκαιναν
1080 2233 1137 2298 ούκ

164 2318 337 2402 ευτύχησαν
359 2329 378 2358 “
370 2323 509 2401 δ·λαβει”ν
533 2316 717 2382 αἰσθάνεται
738 2317 798 2403 γὰρ
814 2320 864 2380 και
879 2324 935 2402 γῆς
949 2320 1135 2404 σεσοφισμί-
1148 2346 1180 2394 11

163 2425 236 2510 νης·
286 2403 404 2478 πολλάς
440 2404 474 2468 δέ
510 2400 598 2510 αἶγας
632 2404 683 2466 καὶ
719 2403 846 2488 ποίμνια
876 2404 1058 2490 διέφθειραν
1086 2405 1137 2467 καὶ

165 2485 293 2574 Δάφνιν
326 2489 399 2594 παρ’
424 2487 526 2570 ὀλίγον
562 2478 632 2551 ὧδε.

229 2577 282 2636 12
287 2569 443 2682 Τράχοι
443 2573 695 2680 666066666669
716 2571 759 2644 είς
771 2565 876 2651 μάχην
895 2571 1071 2638 συνίπεσον.
1094 2577 1139 2657 τῷ

163 2651 222 2724 σύν
245 2653 338 2741 ετέρω
367 2655 403 2718 τὸ
432 2655 536 2740 ἕτερον
563 2656 658 2762 κε’ρρις
677 2652 854 2738 βιαιοτέρας
863 2656 1038 2761 γενομένης
1058 2679 1139 2736 συμ-

160 2747 265 2849 βυλης
286 2737 458 2846 θραύεται·
481 2741 532 2802 καὶ
555 2735 709 2821 ἀλγήσας,
733 2761 800 2824 φρη
788 2734 998 2818 μαξάμενος
987 2764 1018 2814 ες
1039 2739 1140 2824 φυγὴν

166 2825 337 2973 ἔτρρίπετο
373 2821 389 2887 6
412 2825 446 2888 δὲ
475 2828 567 2886 νικιόν
593 2822 658 2886 κατ’
689 2822 773 2904 ἴχνος
803 2819 951 2904 επόμενος
980 2822 1141 2890 ἄπαυστον

167 2913 238 2976 ὀποί
237 2935 301 2975 ειτ
282 2909 340 2992 τὴν
323 2905 473 3016 νφυγήν.
510 2907 600 3016 άλγεΐ
608 2904 733 2992 Δάφνις
753 2909 876 3014 περὶ
843 2933 886 2970 τω
891 2908 1012 3016 κέρατι
1034 2911 1141 2972 καλ
1101 2935 1140 3017 τη

120 3013 159 3066 14
170 2992 349 3104 θρασύτητι
364 2994 537 3074 ὀχθεσδεις
558 2989 650 3067 ξύλον
664 2994 714 3054 και
730 2991 786 3098 666
800 2972 984 3098 καλάύροπα
1007 3003 1025 3032 “
1011 2992 1144 3101 λαβὼν

166 3083 272 3144 ἐδίωκε
299 3079 354 3144 τόν
382 3076 544 3150 διώκοντα.
579 3073 631 3141 οἶα
657 3077 691 3142 δε
719 3082 776 3142 τού
801 3103 858 3158 μεν
887 3075 1138 3190 ύπεκφεύγοντος,

162 3171 229 3272 ποίη
247 3165 318 3230 δὲ’
303 3168 379 3250 οργῆ
408 3160 586 3240 διώκοντος,
624 3161 681 3269 σύμ
710 3162 841 3270 ἀκριβὴς
871 3169 934 3228 τῶν
956 3165 987 3228 ἓν
1008 3157 1140 3270 ποσινη

166 3246 327 3356 πρόσοψις
346 3273 395 3356 ην,
420 3247 500 3310 ἀλλά
522 3245 602 3310 κατὰ
620 3244 786 3329 χάσματος
807 3245 905 3332 άμφω
926 3249 1100 3326 πίπτουσιν,
1123 3271 1140 3312 ο

165 3330 284 3440 τράγος
305 3332 472 3442 πρότερος,
494 3358 511 3395 ο
499 3327 661 3416 Δάφνις
682 3328 833 3438 δεύτερος.
853 3337 951 3438 τούτο
972 3331 1065 3394 καλ”
1044 3353 1142 3398 εσωσε

167 3416 295 3524 Δάφνιν
314 3414 498 3526 χρησασθαι
529 3423 585 3498 τῆς
604 3423 794 3526 καταφοράς
806 3411 939 3498 ὀχήματι
959 3421 1005 3503 τῷ
1025 3413 1140 3523 τράγῳ.

169 3501 188 3567 ὃ
210 3504 267 3584 μὲν
288 3502 374 3586 δὴ
341 3527 396 3567 τον
412 3499 648 3584 άνιμησύμενον,
673 3501 704 3564 εί
712 3525 759 3576 τις
773 3499 835 3586 άρα
849 3501 976 3584 γενοιτο,
985 3479 1142 3587 δακρύόιν

224 3638 257 3687 V.
274 3636 303 3691 S.
319 3637 400 3689 0.-
416 3632 534 3700 ἀλλήλας
550 3636 584 3685 V.
605 3662 636 3674 -
654 3632 753 3702 αγίλας
768 3651 816 3707 pro
835 3627 968 3716 αιγαςλί.
1054 3671 1056 3675 -
1173 3645 1178 3656 “

225 3709 267 3756 11.
281 3699 413 3764 πολλάκις
429 3719 477 3774 pto
495 3695 584 3756 πολλά
602 3701 635 3758 V.
648 3701 689 3754 8.
716 3702 799 3758 0.-
825 3697 932 3774 σιρῤούς
957 3701 990 3756 V
1013 3701 1042 3758 S
1059 3703 1090 3759 C
1110 3726 1143 3744 ··

170 3767 311 3843 τεσσάρων
328 3771 361 3823 V.
378 3769 407 3824 S.
