2922 4720
357 407 424 470 1oe
679 401 1003 466 ADNOTATIONES

360 573 438 628 tili.
455 589 480 628 c.
496 577 538 626 33.
570 571 633 628 Hae
649 579 737 626 autem
753 569 858 644 ἐρῶντα
873 567 1006 642 displicuit
1016 567 1118 622 Boden.
1153 565 1270 634 „Nam“‚
1287 569 1332 621 ia-

360 657 427 727 quit‚
445 656 539 722 „caius
555 673 642 712 amore
659 657 798 728 capiuntur
814 655 901 710 malai
918 653 1060 717 tellurisne,
1078 651 1154 707 enine
1166 649 1264 722 gremio
1281 668 1332 704 er-

360 741 500 811 eipinntur,
519 758 596 812 quam
620 741 708 810 granis
730 738 845 796 reddunt
866 739 1096 810 praegnantemi“
1130 735 1247 806 Longius
1264 736 1333 790 haec

357 825 394 878 iili
411 826 495 896 petita
511 826 648 879 videntura
670 826 739 878 unde
763 823 868 878 coniicit
890 822 987 892 ἐρῶντι
1008 822 1052 875 vel
1070 823 1108 880 εἰς
1124 822 1228 890 ἔρωτας
1258 821 1334 891 qood

359 909 443 974 simul,
460 909 555 980 inquit,
572 908 671 964 Veneri
686 925 762 963 sacra
778 915 875 972 orent,
893 906 968 962 sinui
982 907 1016 960 ab
1041 905 1187 960 amantibus
1203 905 1334 974 legeban-

359 1000 412 1058 tur,
431 993 465 1046 ad
476 983 670 1064 provocandum
680 993 910 1061 lacessentiumque
922 1009 1035 1066 arnonem
1046 995 1074 1044 et
1085 990 1185 1044 maneri
1195 992 1229 1044 ab
1241 1007 1334 1044 aman-

359 1078 430 1132 tibus
447 1079 593 1139 tercentum
611 1077 681 1152 qnod
693 1079 789 1151 probat
812 1076 953 1130 eTheocr.
974 1075 1016 1132 Id.
1031 1075 1081 1128 III.
1099 1093 1126 1128 v.
1146 1080 1187 1128 10.
1204 1075 1237 1128 V.
1249 1092 1276 1128 v.
1287 1080 1334 1128 88.

361 1162 409 1214 Vl.
420 1179 447 1216 v.
458 1167 484 1216 6.
500 1162 593 1231 Virgit
611 1161 705 1232 liciog.
716 1161 767 1215 III.
787 1179 814 1216 v.
832 1160 926 1214 6611.
942 1177 968 1215 ν.
985 1165 1028 1214 62.
1050 1161 1144 1214 Horat.
1164 1159 1182 1212 Ι.
1200 1159 1223 1214 Ι.
1246 1177 1287 1229 ep.
1307 1165 1336 1214 1.

361 1263 388 1298 v·
407 1249 450 1300 71.
467 1251 545 1298 etex
559 1245 662 1300 Heliod.
679 1245 757 1298 Aetia.
776 1243 794 1298 l.
811 1244 861 1296 111.
880 1260 942 1316 pag.
955 1248 1012 1299 133.
1025 1246 1097 1298 Com.
1130 1242 1216 1296 Miror
1232 1242 1335 1296 Boden.

362 1345 414 1381 non
432 1327 572 1382 contulisse
583 1335 612 1380 et
622 1328 689 1381 hune
696 1327 783 1397 Longi
799 1327 884 1380 locum
902 1327 919 1380 i.
930 1326 980 1379 111.
998 1344 1021 1379 c.
1032 1331 1075 1380 33.
1085 1326 1131 1379 nn.
1149 1326 1195 1396 qui
1211 1326 1274 1380 mire
1284 1342 1335 1396 ap-

363 1416 463 1487 positus
479 1415 586 1468 videtur
606 1412 640 1464 ad
656 1411 723 1464 hanc
740 1411 944 1464 emendationem
961 1410 1174 1467 confirmandam
1192 1405 1208 1464 ὁ
1226 1412 1335 1478 τρυγών

363 1496 498 1570 ἐφύλαττε
514 1495 544 1550 ad
562 1491 648 1548 καλὸν
662 1497 754 1566 μῆλον
769 1493 888 1566 ἐρωτικῷ
904 1496 1024 1563 ποιμένι.
1043 1495 1089 1562 [ci.
1101 1497 1181 1548 anas.
1198 1495 1232 1546 ad
1242 1494 1336 1548 Nicet.

364 1602 390 1655 p.
402 1587 452 1638 324
463 1601 503 1654 sq.
526 1581 559 1636 ad
584 1580 713 1634 Aristaeo.
729 1596 757 1649 p.
775 1583 825 1632 663
843 1596 882 1650 sq.
902 1579 1111 1649 Alciphr.t111.
1131 1597 1171 1648 ep.
1183 1585 1222 1632 62
1239 1580 1338 1632 Arsen.

367 1667 439 1722 Vioi.
465 1687 491 1740 p.
510 1672 567 1720 139.
592 1668 726 1731 Boettiger.
750 1663 840 1716 Sabin.
858 1663 913 1718 t.I.
929 1679 990 1734 pag.
1002 1667 1061 1716 254.
1080 1670 1108 1716 et
1125 1667 1182 1718 Viti.
1197 1663 1237 1718 ad.
1253 1663 1339 1720 LIII.

366 1770 390 1806 c.
408 1753 462 1820 36]
497 1753 534 1804 nt
559 1767 623 1804 vero
648 1767 708 1804 cum
732 1747 873 1817 sophistam
889 1747 1025 1800 redoleant
1047 1747 1247 1817 praecedentia,
1270 1747 1339 1808 τοίς

366 1831 507 1906 ποταμοὶ-ς
525 1831 603 1902 ᾄδειν
620 1851 645 1888 κ.
662 1850 685 1888 τ.
703 1833 728 1885 λ.
751 1831 799 1886 καὶ
815 1826 877 1890 anic
893 1827 1013 1900 ἀνέμους
1031 1833 1166 1901 συρίττειν
1182 1849 1208 1884 κ.
1225 1850 1249 1888 c.
1266 1833 1289 1884 λ.
1307 1841 1339 1886 et

367 1920 447 1972 multo
464 1919 545 1986 magis
562 1916 707 1986 sequentia,
724 1913 773 1968 τὸν
788 1913 868 1980 ἥλιον
884 1911 1037 1986 φιλόκαλον
1054 1911 1120 1970 ὄντα
1137 1911 1246 1975 πάντας
1262 1914 1339 1969 cino-

369 2000 462 2062 δύειν,
490 2001 550 2052 hinc
574 2000 695 2069 seqnitur
719 2004 853 2070 receptam
870 1999 903 2056 ab
921 1999 1038 2056 omnibus
1053 1999 1193 2054 lectionem
1208 2007 1235 2054 et
1252 2001 1339 2054 inter-

368 2084 538 2156 pretationem
564 2083 646 2151 magis
675 2070 815 2151 sophistae
839 2082 968 2139 interdum
997 2081 1156 2150 lascivienti,
1187 2085 1340 2152 convenire,

369 2186 417 2222 nec
435 2167 544 2237 proinde
561 2174 660 2220 temere
674 2167 809 2220 sollicitari
827 2167 933 2220 debere.
951 2168 1031 2220 Vm..
1049 2186 1076 2238 p.
1087 2171 1169 2237 50sq.

437 2250 486 2304 eo
507 2246 579 2306 πολὺ
604 2250 659 2321 μὲν
682 2247 773 2304 πόνον
790 2244 862 2320 εἶχε]
889 2250 942 2306 Est
970 2251 1119 2308 coniectura
1135 2252 1343 2320 Wyttenbachii
1459 2261 1460 2266 ¹

370 2353 446 2406 qnam
462 2334 586 2406 probavit
603 2334 673 2401 Vilt,
691 2341 719 2388 et
735 2335 870 2391 Schaefer.
895 2342 924 2389 et
941 2335 1020 2390 cour.
1038 2336 1065 2390 in
1081 2335 1166 2390 verbis
1181 2345 1343 2407 posumunt.

370 2421 449 2490 Vulg.
468 2417 516 2472 ἐπὶ
532 2417 622 2472 πολὺν
638 2419 693 2490 μὲν
704 2417 812 2491 χρόνον
829 2405 893 2488 εἶχε.
927 2421 988 2474 Par.
999 2421 1029 2476 I:
1048 2417 1191 2476 ἒπιπολὺν.
1207 2421 1268 2476 Par.
1282 2423 1344 2478 1112

370 2503 515 2558 ἔπλπολυν.
526 2532 561 2545 --
572 2505 679 2574 Vulgat.
693 2501 799 2574 χρόνον
814 2504 931 2560 defendit
941 2504 1116 2560 Vauvillerius
1128 2507 1163 2558 ad
1174 2507 1244 2560 niae.
1255 2524 1281 2559 v.
1294 2512 1343 2562 23.

369 2587 457 2642 Borss.
468 2618 503 2629 -
515 2588 628 2642 Brunck.
646 2590 786 2659 Wyttenb.
805 2589 980 2644 coniectionem
1003 2589 1093 2644 dicens
1116 2591 1260 2660 elegantem
1280 2591 1344 2661 ipse

370 2679 455 2728 tamen
473 2674 547 2726 aliam
563 2674 666 2744 profert
682 2675 777 2742 εἴχετο.
789 2701 822 2716 -
834 2674 956 2726 Cetemm
974 2691 1018 2728 vv.
1041 2691 1115 2744 seqq.
1133 2674 1224 2727 δεινοὶ
1239 2671 1292 2746 γὰρ
1306 2699 1343 2716 -·

370 2753 514 2812 διώκοννκο
531 2766 594 2828 post
609 2753 722 2816 κλάδοις
738 2757 857 2828 ponenda
880 2775 939 2810 esse
954 2766 1045 2812 censet
1061 2759 1191 2826 Passow.¹
1209 2759 1281 2814 onius
1298 2760 1341 2814 rei

372 2860 475 2896 causam
493 2841 600 2914 exponit
616 2860 642 2912 p.
654 2841 739 2895 XLII.
756 2840 844 2894 Praei.
857 2858 913 2912 sqq.
944 2843 1086 2898 Praeterea
1101 2843 1172 2896 idem
1189 2844 1223 2896 V.
1239 2843 1271 2894 D.
1289 2842 1346 2898 ἐπὶ

371 2927 398 2978 io
426 2925 466 2978 ἔτι
493 2927 589 2980 mutari
613 2927 671 2980 vult
695 2925 758 2980 ibid.
798 2926 834 2978 At
862 2934 891 2980 tn
914 2925 975 2981 ride
1000 2930 1097 2980 Incots.
1115 2928 1150 2980 V.
1170 2929 1259 2982 Germ.
1275 2927 1345 2984 ini.

372 3027 398 3078 p.
410 3014 452 3062 41.
471 3037 506 3048 —
528 3008 571 3062 De
597 3011 750 3064 confusione
776 3028 819 3064 vv.
839 3007 943 3081 χρόνος
970 3017 998 3062 et
1020 3007 1107 3070 πόνος
1123 3012 1190 3064 citat
1206 3011 1345 3068 Schaeier.

373 3095 479 3145 Branct.
510 3092 543 3144 ad
569 3093 663 3164 Eurip.
686 3093 792 3165 Hippoi.
820 3100 878 3152 372.
900 3095 997 3151 Bacca.
1017 3100 1076 3148 806.
1110 3095 1174 3152 Νοο
1190 3095 1256 3148 male
1273 3101 1343 3162 Sylla.

372 3176 450 3230 Dion.
472 3175 533 3229 Hel.
558 3182 578 3228 t.
595 3176 617 3236 l.
640 3194 667 3246 p.
683 3183 742 3234 351.
759 3177 791 3234 R·
815 3195 864 3250 pro
887 3175 939 3230 σὺν
955 3179 1049 3249 πολλῷ
1062 3173 1159 3250 χρόνῳ
1177 3180 1348 3240 scribendum

373 3268 463 3317 cearset
479 3257 530 3314 σὺν
548 3262 641 3328 πολλῷ
658 3255 744 3328 πόνῳ.

441 3347 519 3402 οἴνου
536 3347 583 3396 καὶ
598 3341 745 3416 γάλακτος]
764 3345 809 3400 Sic
826 3363 906 3416 supra
923 3353 1001 3402 c..10.
1023 3343 1192 3406 ἐκοινώνουν
1208 3345 1349 3417 γάλακτος

373 3427 421 3480 καὶ
439 3429 525 3482 οἴνου.
542 3430 559 3480 l.
576 3430 612 3481 ΙΙ.
632 3449 655 3483 c.
673 3436 714 3482 33.
739 3430 820 3483 ἔπιον
837 3427 931 3495 οἶνον,
955 3434 1085 3499 μίξαντες
1105 3427 1188 3502 ydio.
1222 3431 1350 3488 Obsessa

374 3519 462 3566 autem
478 3513 567 3568 miram
592 3514 645 3566 vini
662 3531 720 3569 cum
745 3517 814 3568 tacte
839 3513 971 3570 commixti
995 3516 1142 3586 potionem,
1170 3531 1246 3587 qnam
1269 3523 1351 3570 recte

375 3596 480 3652 nonius
497 3597 562 3653 dicit
580 3614 638 3652 esse
656 3591 805 3666 οἰνόγαλας
832 3597 867 3650 de
890 3616 942 3669 qno
960 3619 987 3654 v.
1005 3605 1078 3656 Fcis.
1098 3602 1198 3657 Oecon.
1214 3601 1350 3670 Hippocr.

375 3699 396 3738 s.
413 3681 440 3736 h.
457 3698 483 3734 v.
499 3698 526 3750 p.
544 3685 603 3734 446.
629 3680 700 3734 Fref.
723 3699 747 3735 a.
767 3687 856 3750 lasa,
877 3684 922 3738 nbi
947 3687 1029 3740 refert
1054 3685 1163 3768 hmusce
1180 3681 1298 3756 potionis
1316 3702 1351 3743 ex

375 3768 436 3826 vino
454 3771 482 3822 et
498 3766 568 3828 lacta
585 3765 727 3825 commixtis
750 3773 866 3836 patene,
881 3770 972 3838 (cuius
992 3771 1050 3824 iero
1074 3770 1182 3828 similem
1198 3769 1351 3827 etiamnunc
